2950 4992
190 105 252 170 sot
671 97 881 166 MACROBlI

189 295 260 342 rum
281 271 404 348 ordine,
438 290 532 356 quem
553 268 715 335 manifeste
736 271 879 356 claraque
902 267 1064 352 distinguit
1087 268 1228 334 inmensa
1248 266 1367 336 distan-

191 361 250 436 tia,
278 379 380 443 neque
402 356 440 422 de
463 357 554 421 lunae
575 355 716 440 regione,
744 376 822 441 quae
844 355 883 419 ab
906 353 1050 420 omnibus
1073 355 1206 419 multum
1229 355 1368 432 recessit,

194 446 276 510 inter
296 453 416 508 veteres
439 441 540 538 aliqua
564 439 623 504 luit
645 441 804 504 dissensio.
847 441 965 504 llorum
987 460 1061 504 vero
1086 439 1181 504 trium
1210 439 1267 504 sibi
1296 463 1369 527 pro·

195 531 361 605 simorum,
381 529 512 591 Veneris
531 525 678 590 Mercurii
700 534 731 591 et
753 525 835 601 solis,
853 525 992 589 ordinem
1015 524 1125 588 vicinia
1147 524 1294 602 confudit,
1314 526 1370 591 sed

197 615 279 701 apud
302 614 392 678 alios:
433 631 504 674 nam
525 613 748 696 Aegyptiorum
778 610 943 674 sollertiam
967 608 1044 674 ratio
1071 631 1132 673 non
1155 610 1246 694 lugit,
1288 632 1370 697 quae

167 701 266 767 usalis
297 707 353 763 est.
409 695 550 761 Circulus
578 717 633 780 per
662 716 753 781 quem
782 695 826 759 sol
854 695 998 760 discurrit
1025 716 1041 759 a
1068 695 1215 760 Mercurii
1242 696 1370 773 circulo,

76 790 80 795 ’
196 793 234 850 ut
253 783 380 848 inlerior
400 781 550 845 ambitur:
586 781 672 844 illum
698 800 822 866 quoque
851 781 991 865 superior
1019 779 1151 846 circulus
1171 781 1300 846 Veneris
1321 781 1370 846 iu-

199 870 303 946 cludit,
325 876 418 951 alane
441 865 483 929 ita
504 865 548 942 lit,
572 873 608 929 ut
628 865 687 930 hae
707 865 787 930 duae
807 865 922 943 stellae,
945 886 1014 930 eum
1039 886 1094 950 per
1115 866 1288 950 superiores
1309 867 1370 930 cir-

199 955 339 1020 culorum
362 971 489 1015 sucrum
510 950 639 1014 vertices
659 959 801 1025 currunt,
821 950 1037 1048 intellegantur
1058 971 1150 1036 supra
1171 951 1265 1014 solem
1287 953 1370 1016 locu·

199 1049 265 1116 tae,
292 1058 362 1105 cum
385 1055 459 1100 vero
480 1055 536 1120 per
556 1034 699 1100 inferiora
721 1043 895 1100 commeant
916 1035 1117 1112 cuculorum,
1146 1036 1191 1100 sol
1213 1036 1257 1100 eis
1279 1058 1371 1122 supe-

173 1125 265 1190 'lrior
283 1121 471 1186 aestimetur.
513 1119 576 1182 lllis
595 1141 678 1203 crgo,
695 1119 749 1205 qui
769 1119 913 1204 sphaeras
933 1141 1038 1184 earum
1057 1121 1114 1185 sub
1133 1121 1197 1186 sole
1217 1122 1372 1198 dixerunt,

202 1209 262 1273 hoc
281 1209 381 1272 visum
404 1212 452 1268 est
469 1224 506 1268 ex
527 1203 580 1269 illo
601 1205 758 1269 stellarum
782 1226 891 1282 cursu,
940 1206 971 1270 ui
995 1227 1244 1291 nonnumquam,
1273 1215 1308 1272 ut
1327 1207 1374 1272 di·

203 1293 316 1367 ximus,
333 1289 454 1356 videtur
473 1287 614 1353 inlerior:
631 1290 684 1374 qui
706 1297 738 1354 et
759 1311 830 1354 vere
850 1227 1016 1355 notalilior
1034 1299 1089 1367 est,
1111 1292 1183 1376 quia
1204 1300 1280 1356 tunc
1300 1292 1376 1358 lihe-

206 1377 271 1442 rius
292 1382 428 1461 apparet.
469 1375 548 1439 Nam
571 1395 641 1439 cum
656 1374 822 1460 'superiora
843 1383 965 1452 tenent,
995 1375 1091 1460 magis
1114 1375 1207 1442 radiis
1229 1377 1376 1442 occulun-

155 1469 274 1548 reantur:
314 1468 346 1526 ct
367 1459 437 1523 ideo
458 1460 616 1544 persuasio
637 1459 694 1525 ista
721 1460 891 1538 convaluit,
924 1469 955 1524 et
976 1460 1014 1524 ab
1038 1461 1181 1526 omnibus
1207 1482 1305 1546 paene
1326 1462 1377 1527 hic

176 1546 284 1614 Sardo
305 1546 338 1611 iu
357 1566 448 1612 usum
469 1552 610 1630 receptus
631 1552 688 1610 est.
747 1544 956 1631 Perspicacior
976 1553 1081 1611 tamen
1103 1547 1276 1614 observatio
1297 1547 1376 1613 veri·

273 1696 344 1752 Mas.
365 1696 606 1760 cusiriacum]
698 1719 704 1736 ¹

207 1785 270 1836 sit.“
293 1783 379 1835 Zcun.
419 1784 526 1835 recedit
543 1800 598 1836 s-s.
621 1784 735 1851 -ipsa
756 1785 830 1836 Xllti
852 1785 947 1837 Vllllo
967 1785 1057 1836 diebus
1073 1785 1123 1836 Rs.
1143 1811 1175 1823 -
1214 1804 1274 1838 uae
1289 1788 1380 1838 mani-

204 1856 276 1918 feste
293 1857 368 1917 (sup.
388 1857 476 1918 quem)
500 1851 550 1902 Rs.
577 1881 611 1891 -
636 1861 683 1905 est
702 1854 771 1904 iuter
788 1864 887 1905 celeres
906 1855 999 1920 aliqua
1018 1855 1145 1905 dissensio
1169 1803 1223 1905 Cli.
1261 1856 1308 1906 int.
1327 1863 1379 1907 oet.

209 1919 246 1970 al.
269 1927 307 1970 est
329 1921 456 1971 dissensio
478 1919 530 1970 Hl.
555 1948 583 1957 -
612 1922 693 1973 trium
715 1923 892 1988 proximorum
915 1927 985 1982 (arn.
1011 1923 1075 1982 sits)
1100 1921 1151 1971 Hl.
1175 1950 1207 1959 —
1238 1923 1381 1974 vicinitas

210 1987 353 2038 Ban.Bssn.
373 1985 409 2047 (C
427 2003 442 2038 n
463 2003 518 2037 sec.
539 1992 589 2048 m.)
609 2015 644 2028 -
665 1990 814 2052 confundit
833 1987 950 2041 crena.
972 2014 1008 2029 -·
1031 1990 1209 2042 Sententia
1229 1990 1381 2058 egyptio-

211 2071 286 2105 rum.
313 2055 383 2105 Nam
400 2055 566 2123 egyptiorum
581 2055 803 2107 lit-ratione
814 2057 895 2122 sugit
914 2057 964 2107 Rl.
1118 2059 1142 2104 6.
1180 2057 1293 2107 circulus
1311 2057 1381 2121 (om.

217 2123 338 2187 Veneris)
360 2123 410 2202 lii.
436 2149 470 2158 —
495 2123 641 2188 superiores
660 2128 728 2205 (orn.
745 2129 806 2191 per)
833 2125 931 2174 GBssss.
954 2150 987 2161 -
1008 2122 1209 2202 intelleguntur
1224 2123 1247 2172 F
1265 2123 1301 2185 (C
1319 2143 1381 2191 sup.

212 2191 322 2309 allodii.
334 2190 671 2325 eplppppppqlppenmsm
678 2189 955 2327 ⁸slpllearisllffeoffrir-sillitl.
975 2284 1008 2295 -
1023 2195 1107 2306 visilia
1127 2190 1196 2320 illisi.
1210 2195 1381 2320 iridi-sirm?

214 2326 260 2392 qui
278 2341 337 2376 cere
354 2331 424 2387 (om.
443 2331 481 2384 et]
500 2326 550 2375 Rl.
571 2353 607 2366 -
630 2327 694 2393 quia
711 2335 770 2378 tum
795 2326 920 2391 surr-g.
973 2324 1037 2392 quia
1055 2340 1117 2374 eum
1136 2324 1169 2374 G.
1195 2352 1227 2361 -
1250 2332 1382 2391 apparent

214 2393 336 2444 Fsssfla.
358 2420 392 2432 -
413 2394 503 2463 magis
525 2411 561 2445 ac
581 2395 693 2464 magis
715 2395 802 2446 radiis
821 2393 853 2445 F.
1005 2395 1031 2441 8.
1066 2391 1190 2443 veriorem
1211 2391 1247 2454 [C
1270 2409 1330 2460 sup.
1353 2393 1381 2446 .i.

249 2531 275 2579 6.
315 2527 443 2590 Circeius,
461 2545 597 2596 perquem
615 2529 655 2580 sal
673 2528 775 2579 dissur-
826 2525 969 2585 derivare,
1004 2522 1029 2575 is
1047 2540 1147 2576 nurum
1165 2525 1290 2577 admittit
1306 2541 1385 2577 erro-

147 2643 150 2646 .
215 2595 266 2656 rit,
302 2611 320 2645 a
345 2596 472 2648 Mercurit
494 2599 591 2649 circula
614 2604 644 2648 ut
665 2597 777 2662 inferior
826 2592 1087 2658 rem,qucmalius
1107 2593 1386 2660 (1‚2e‚ssqq.,u‚

217 2661 341 2728 ambitur]
359 2662 515 2729 „Respexit
530 2664 788 2733 ingeniosissimus·
827 2667 859 2727 5,
881 2666 938 2721 25.)
965 2659 1026 2724 ipse
1050 2661 1175 2712 refutare
1198 2672 1314 2714 cunutus
1334 2668 1385 2714 est.

218 2729 310 2781 seculi
333 2729 376 2779 sui
399 2730 459 2782 Nic.
483 2730 666 2797 Gopesnicus:
701 2733 777 2796 Qua·
828 2729 954 2794 Namque
977 2727 1002 2778 si
1026 2734 1100 2780 terre
1123 2736 1167 2780 est
1191 2728 1248 2780 ima
1270 2736 1299 2780 et
1322 2729 1387 2780 ceni

215 2804 338 2866 propter,
361 2795 465 2862 inquit,
487 2800 593 2850 minime
611 2807 777 2851 contemnen—
828 2801 918 2857 trum,
949 2795 1082 2846 Mercurii
1107 2804 1200 2848 autem
1223 2803 1250 2850 et
1271 2798 1388 2848 Veneris

219 2866 282 2915 dum
301 2864 426 2924 arbitrer,
444 2867 514 2931 quod
532 2867 568 2917 M.
589 2869 714 2934 Capella,
733 2867 779 2933 qui
829 2863 929 2914 circuli
970 2863 1040 2913 solis
1081 2863 1189 2915 circulo
1228 2865 1388 2932 superiores

221 2931 456 2999 Enepelcpaediun
485 2935 589 3000 scripsit
617 2942 641 2986 et
670 2935 780 3002 quidam
830 2938 904 2993 sunt,
923 2931 965 2980 sol
982 2946 1093 2996 semper
1108 2932 1183 2984 inira
1202 2933 1235 2994 (i.
1253 2949 1278 2983 e·
1297 2949 1313 2984 a
1332 2940 1388 2984 ter-

220 2999 272 3050 alii
296 2999 452 3051 Latinarum
472 3003 678 3068 percalluerunt.
722 3003 779 3052 Ex·
831 2998 1017 3065 respectanti
1037 3000 1203 3060 citrulillas
1223 3001 1388 3064 mellescit,

220 3068 341 3118 intimant
358 3069 440 3131 enim,
472 3070 541 3134 quod
560 3072 686 3121 Venuset
707 3069 779 3120 Mer·
831 3083 946 3119 necesse
970 3071 1022 3116 est.
1064 3067 1094 3119 Si
1115 3069 1253 3133 inferiores
1275 3068 1387 3118 circulo-

222 3135 311 3186 eurius
335 3136 521 3188 circumerrant
541 3139 620 3187 sulem
643 3138 672 3188 in
696 3135 781 3187 medio
831 3151 888 3186 rum
912 3135 1021 3185 vertices
1047 3142 1222 3201 opponuntur
1243 3134 1387 3201 superiori-

222 3203 373 3252 esistentem
390 3209 414 3255 et
432 3220 489 3254 eam
507 3206 537 3256 cls
559 3221 667 3255 eausam
683 3205 717 3254 uls
734 3204 782 3254 illc
832 3204 889 3263 lus,
905 3201 936 3251 lsi
955 3206 1028 3263 sunt,
1047 3205 1094 3254 ubi
1107 3204 1209 3254 stellae
1226 3212 1315 3268 super
1325 3217 1389 3250 scr·

222 3287 276 3320 non
297 3270 407 3320 ulterius
432 3272 539 3340 digredi
560 3279 670 3338 putant,
703 3288 782 3337 quam
833 3270 916 3321 tieem
936 3275 1074 3332 nastrum,
1096 3270 1154 3336 illi,
1174 3268 1221 3320 ulri
1242 3269 1319 3320 velut
1336 3270 1388 3320 suls

223 3354 330 3388 suarum
352 3341 503 3390 convexitas
528 3341 627 3391 crllium
649 3341 782 3406 patiatur,
833 3337 950 3402 pedibus
969 3338 1071 3388 nostris
1091 3345 1236 3389 moventur
1258 3337 1310 3398 (el.
1330 3353 1389 3402 cap.

223 3405 459 3472 quoniamterram
475 3417 528 3458 non
545 3408 674 3469 amlliunt,
690 3414 721 3458 ut
738 3422 781 3457 ce·
832 3408 881 3467 22,
906 3405 919 3469 5
940 3409 1004 3464 11.).
1040 3405 1108 3456 Gsrm
1128 3423 1196 3474 ergo
1213 3422 1261 3473 per
1279 3407 1388 3469 inseria-

222 3475 287 3537 κη’,
312 3475 484 3526 sedadsidas
502 3473 781 3526 conumeraremus*
832 3489 874 3523 res
891 3473 1047 3523 circulorum
1065 3476 1175 3525 uertices
1192 3479 1299 3525 currunt
1318 3473 1392 3522 Mer-

223 3540 311 3590 Ponn.
329 3568 363 3578 -
381 3545 416 3592 st
435 3542 505 3594 llaec
524 3560 577 3594 non
598 3543 736 3608 quadrent
754 3540 783 3606 ip
834 3539 929 3591 curius
947 3547 976 3590 et
991 3540 1095 3603 Venire,
1113 3557 1194 3602 sune,
1211 3542 1235 3592 si
1255 3541 1288 3590 ad
1307 3541 1391 3605 pedes

223 3607 312 3656 serbe
330 3606 478 3670 Macrobii,
496 3609 785 3676 quinonillusstel·
834 3612 945 3659 nostros
963 3614 1134 3673 spectemus,
1165 3609 1204 3660 sol
1223 3608 1392 3674 eissuperiar

226 3671 270 3723 les
291 3670 494 3727 circumerrare
513 3678 617 3739 solem,
645 3678 694 3727 sed
714 3676 785 3727 solis
835 3681 928 3743 potest
945 3675 1103 3741 aestimari,
1119 3683 1150 3728 ut
1166 3683 1240 3740 tum,
1259 3675 1322 3741 ossio
1341 3675 1391 3726 suli

226 3739 364 3791 circulum
386 3741 501 3793 illarum
526 3744 642 3794 circulis
668 3741 785 3794 inlerio·
835 3742 954 3811 pedibus
972 3742 1084 3804 nostris,
1104 3743 1122 3794 i.
1141 3761 1165 3796 e.
1186 3745 1260 3794 intra
1280 3752 1392 3807 terram,

225 3823 286 3858 rem
312 3823 376 3857 esse
402 3807 486 3871 dicit,
519 3808 614 3876 itaque
640 3827 786 3862 commune
836 3815 915 3873 sunt,
942 3810 1054 3862 omniuo
1072 3827 1125 3862 non
1145 3812 1277 3873 videntur
1301 3811 1351 3874 (ci.
1368 3810 1392 3875 1,

226 3880 352 3926 centrum
372 3881 475 3926 terram
499 3893 562 3928 esse
585 3877 694 3928 statuit.
729 3877 786 3928 Sed
838 3882 884 3940 16,
912 3878 963 3942 5.).
1003 3877 1094 3944 Igitur
1110 3879 1176 3942 ille,
1206 3881 1254 3946 qui
1272 3893 1394 3930 comme-

227 3941 389 3996 contudisse
415 3961 478 3995 eum
503 3951 650 4011 utrumque
675 3951 789 3997 senten-
839 3952 967 3998 moratus·
983 3945 996 4010 d
1014 3951 1053 4010 7.,
1071 3947 1208 3999 stellarum
1224 3963 1327 4011 cursus,
1350 3946 1394 4012 qui

226 4011 297 4063 tiam
325 4027 359 4062 cx
381 4011 418 4064 iis
444 4027 516 4078 qnae
547 4016 702 4078 sequuntur
737 4027 788 4080 ap·
837 4031 1033 4080 nonnumquam
1061 4015 1167 4066 uidetur
1195 4015 1319 4080 inferior,
1351 4014 1395 4079 qui

226 4083 317 4147 paret.
478 4117 485 4128 .
839 4089 864 4132 et
883 4097 942 4132 vere
958 4082 1101 4133 notabilior
1118 4090 1172 4146 est,
1202 4083 1265 4150 puta
1283 4089 1345 4134 tunc
1361 4081 1394 4130 li-

261 4146 398 4213 atqueitu
409 4149 461 4212 fit,
486 4151 516 4196 ut
596 4146 690 4198 soleis
708 4163 786 4214 supe·
839 4149 925 4200 bertus
955 4157 1080 4216 apparet,
1115 4151 1150 4200 als
1181 4149 1233 4201 illu
1264 4148 1396 4214 opinione

226 4214 282 4264 rior
297 4215 459 4282 aestimetur]
477 4214 517 4264 sd
536 4230 630 4265 reram
650 4213 788 4266 rationem
839 4215 953 4267 omnino
973 4217 1123 4278 abhorret,
1160 4233 1249 4282 neque
1273 4215 1396 4281 intelligi

227 4281 640 4402 tl.·t⁰.⁰l¹“::¹.s’..t¹¹⁰l⁰l.t
660 4281 788 4400 “llll
839 4283 1397 4403 Metellis.litletltlllll'utl·

229 4427 245 4459 e
261 4411 373 4476 vulgari
385 4366 522 4465 ¹’veterum’
537 4366 668 4481 opilnione
687 4366 789 4478 itu,qut
839 4414 911 4466 cssrii
929 4421 957 4465 et
974 4415 1099 4467 Veneris.

228 4473 400 4542 Macrobius,
419 4481 610 4535 contusionem
628 4483 710 4536 illam
727 4481 790 4536 vult
872 4487 897 4534 t.
935 4481 1041 4534 liberius
1054 4484 1176 4552 apparet]
1197 4484 1217 4536 i.
1232 4500 1258 4536 e.
1278 4498 1334 4537 nou
1346 4482 1397 4538 im·
