2950 4992
273 137 743 209 couu.·1Nsot1N.sclr.
786 133 861 204 LlB'.
882 141 907 205 1.
950 138 1040 206 GAP.
1062 142 1115 206 Vl.
1233 139 1276 204 53

104 305 241 394 physicis
260 309 394 375 ereditur
413 315 495 374 meta
518 308 655 386 vivendi,
689 314 722 374 et
741 305 801 372 boc
822 309 903 374 ritae
929 308 1083 374 humanae
1103 309 1273 395 perlectum

103 394 239 477 spatium
258 393 450 459 terminatur.
494 392 587 470 Quod
610 394 636 457 si
657 392 727 477 quis
746 393 920 468 excesserit,
936 394 975 458 ab
993 395 1078 458 omni
1096 395 1199 461 officio
1220 415 1272 460 va·

101 497 181 542 cuns
202 478 259 542 soli
278 478 426 543 exercitio
448 477 616 561 sapientiae
636 484 739 553 vacat,
765 483 797 541 ct
819 497 942 541 omnem
965 497 1056 542 usum
1077 481 1124 544 sui
1147 479 1180 543 in
1201 499 1271 543 sua-

99 559 202 626 dendo
221 562 328 639 babet,
349 563 480 627 eliorum
503 582 668 626 munerum
691 561 849 626 vacatione
872 562 1073 626 reverendus:
1101 583 1118 626 a
1141 563 1271 646 septima

99 645 183 711 enim
205 666 304 732 usque
326 647 365 711 ad
387 647 536 711 decimam
566 647 768 731 septimanam
791 667 847 731 pro
870 653 961 730 captu
982 645 1093 711 virium
1114 667 1193 730 quae
1218 647 1271 711 ad·

98 728 160 794 buc
179 731 308 816 singulis
328 738 526 815 perseverant
551 730 710 796 variantur
732 731 841 796 officia.
894 730 980 794 Idem
1003 750 1152 794 numerus
1174 726 1320 796 totius'l'l

98 815 235 900 corporis
262 816 401 880 membra
428 814 572 899 disponit
629 815 754 900 Septem
783 822 856 880 sunt
886 814 969 879 enim
999 815 1079 879 intra
1112 814 1270 879 hominem

99 919 177 997 quae
198 921 218 965 a
237 899 364 964 Graecis
385 899 472 984 nigra
494 901 631 965 membra
651 901 834 977 vocitantur,
855 901 959 986 lingua
982 921 1036 964 cor
1057 899 1163 984 pulmo
1185 899 1270 964 iecur

97 982 159 1048 ben
180 1005 271 1048 rencs
292 983 371 1047 duo:
404 994 437 1048 et
454 992 572 1069 septem
597 984 656 1050 alia
677 1006 749 1050 cum
770 984 856 1050 venis
877 1006 911 1049 ao
933 984 1085 1050 meatibus
1113 1004 1193 1070 quaa
1215 983 1268 1049 ad·

96 1068 199 1134 iacent
218 1068 348 1152 singulis
368 1067 406 1132 ad
427 1069 529 1133 cibum
557 1076 589 1133 et
610 1068 753 1153 spiritum
776 1069 985 1153 accipiendum
1014 1069 1268 1153 reddendumque

96 1161 171 1218 sunt
192 1153 354 1250 deputata,
389 1161 497 1236 guttur
515 1153 691 1218 stomachus
711 1152 798 1218 alvus
818 1153 917 1218 vesica
937 1162 969 1217 et
988 1153 1133 1219 intestina
1156 1154 1267 1238 princi·

95 1236 179 1321 palia
199 1243 274 1301 trra:
296 1250 427 1322 quorum
447 1259 545 1304 unum
566 1239 729 1324 dissiptum
749 1245 884 1315 vocatur,
904 1237 987 1387 dum}
1009 1245 1146 1302 ventrem
1166 1246 1198 1303 et
1217 1259 1266 1303 ce·

96 1329 164 1385 tera
186 1320 330 1386 intestina
351 1323 499 1387 secernit:
520 1324 652 1389 alterum
672 1321 821 1400 medium,
844 1343 907 1407 quo
946 1321 1056 1387 Graeci
1075 1318 1268 1405 μεσέντερον

95 1405 217 1470 dicunt:
237 1407 372 1485 tertium,
392 1407 475 1493 quod
497 1416 617 1473 veteres
638 1408 737 1474 biram
755 1416 913 1484 vocarunt,
935 1406 1129 1491 habeturque
1150 1405 1268 1490 praeci·

95 1511 193 1578 punm
213 1491 431 1558 intestinorum
453 1493 608 1574 omnium,
629 1501 662 1558 et
679 1493 740 1558 cibi
760 1492 941 1558 retrimenta
960 1490 1093 1557 deducit
1134 1492 1183 1555 De
1206 1489 1266 1577 spi·
1275 1485 1317 1552 78

896 1663 980 1726 [ull.
996 1659 1201 1729 vieabgapdzb.

94 1746 148 1798 ber
171 1743 295 1812 optimus
317 1746 352 1808 (i.
373 1763 397 1798 e.
421 1747 476 1807 Iul)
498 1748 607 1816 septeni·
641 1747 716 1802 Sane
738 1747 824 1802 etiam
845 1748 972 1816 sequitur
992 1755 1040 1800 aut
1060 1746 1155 1812 septies
1176 1742 1268 1795 deni.“

87 1815 184 1869 'Grau
219 1814 297 1869 Adde
322 1816 395 1879 lit.
414 1817 498 1868 aesica
515 1817 623 1884 septeni.
658 1826 761 1886 septem
784 1817 920 1884 i-guvue.
956 1820 1030 1882 septe
1051 1813 1129 1865 Blll.
1168 1807 1268 1862 Vtri·

97 1879 235 1932 neuere.
256 1908 289 1919 -
311 1883 384 1934 uitae
402 1885 519 1950 apetium
539 1887 684 1952 perfectum
708 1885 842 1936 humanae
863 1883 895 1934 F.
918 1910 954 1922 -
975 1883 1045 1950 quod
1067 1879 1203 1948 quiaquia
1223 1877 1266 1928 Rt

94 1948 258 2015 Banu-gli.
273 1975 309 1988 -
325 1951 450 2002 coemerit
467 1952 518 2001 lll.
539 1978 567 1988 -
585 1953 701 2003 caercio
717 1953 857 2020 supientia
873 1951 906 2002 B.
925 1979 953 1988 -
973 1965 1110 2000 munerum
1127 1963 1180 2001 om.
1201 1945 1268 2007 (rel.

96 2017 169 2082 lac.)
189 2015 243 2067 Rt.
262 2043 296 2054 -
319 2017 457 2084 adusque
477 2018 604 2070 decimam
626 2017 697 2070 Bne.
849 2023 891 2071 tt.
927 2025 988 2070 auat
1005 2017 1075 2068 cuim
1095 2011 1266 2066 nautarum

95 2083 151 2136 Τιι.
187 2085 256 2134 enim
272 2092 335 2137 aaut
356 2083 540 2137 Saraucae.
565 2113 591 2124 -
614 2094 752 2139 uocantur
768 2084 840 2138 Bran.
866 2113 898 2124 -
922 2093 953 2138 ct
971 2085 1099 2138 mcbtibua
1122 2080 1266 2134 Eddssnu.

93 2179 130 2192 -
145 2152 333 2218 recipiendum
351 2151 382 2203 F.
399 2179 432 2191 -
448 2162 546 2221 guttur
562 2155 650 2206 vesica
668 2156 746 2206 uleus
764 2154 912 2206 stomachus
930 2153 981 2203 Ra.
998 2179 1034 2190 --
1055 2159 1080 2202 et
1097 2157 1208 2201 cetero
1222 2148 1266 2198 in-

94 2219 192 2272 testine
209 2219 293 2285 princ.
315 2219 367 2270 Ra
406 2227 431 2272 et
449 2222 582 2274 intestina.
612 2222 779 2289 Principalis
803 2222 853 2271 Rl.
876 2248 910 2258 -
932 2218 977 2269 un‘
1000 2218 1031 2268 Β.
1073 2214 1266 2281 „Faciendum

93 2303 156 2337 cum
175 2285 319 2350 lanterio,
341 2288 422 2338 imum
443 2289 610 2357 dissiptun.“
629 2289 709 2340 Pont.
745 2287 849 2339 contre
866 2285 972 2338 Zeunio
989 2285 1073 2349 plana
1090 2283 1185 2347 inepta
1203 2295 1267 2359 eausa

93 2354 206 2408 videtur
227 2354 298 2405 bace
315 2355 482 2406 emendatio.
509 2383 536 2394 -
564 2357 705 2421 dissiptum
725 2354 910 2405 ursa-zum.
946 2353 1096 2418 dissipium
1113 2363 1173 2412 ug.
1209 2347 1266 2396 dta-

93 2429 205 2488 aeptum
217 2421 329 2472 bl’Bn.
340 2422 397 2487 (lag
410 2421 438 2471 in
453 2428 533 2488 ηιμ).
563 2422 668 2472 Probat
679 2422 776 2482 Zcun„
793 2419 865 2485 quod
879 2435 896 2469 e
906 2417 989 2467 Celso
1004 2417 1146 2466 diceretur
1156 2417 1267 2478 septrrtn

93 2496 294 2541 transversum.
330 2488 464 2554 deceptum
481 2489 516 2538 G:
539 2511 572 2524 —
593 2489 664 2566 quod
678 2494 838 2537 meseuteron
856 2489 977 2562 occant
994 2487 1063 2540 (om.
1074 2480 1195 2564 'Graeco
1215 2478 1266 2529 Rl.

92 2553 419 2685 {ttttt‘btee
431 2549 1031 2684 tradiit„¹a22.tt⁰btt:.⁰t.lttt
1047 2544 1210 2680 ltt‘td
1232 2571 1264 2676 ,ἦ

93 2691 130 2740 G.
152 2712 187 2725 -
209 2693 380 2737 uocauerunt
403 2685 570 2752 BnmcbgG.
592 2712 625 2724 -
651 2686 828 2752 praecipium
853 2683 923 2735 Bau.
958 2683 1143 2751 principium
1162 2678 1264 2733 usam

61 2781 67 2787 ·
93 2772 111 2806 a
130 2770 156 2818 p.
173 2770 209 2802 ιιι.
243 2753 441 2818 „Praecipuum
459 2752 584 2821 intelligi
604 2758 697 2818 potest
713 2754 758 2803 vel
776 2769 826 2803 usu
846 2752 891 2804 vel
910 2750 1056 2819 dignitate,
1075 2750 1109 2800 cl.
1127 2747 1185 2800 Sul.
1203 2747 1265 2811 Vll,

93 2819 153 2886 9[§
169 2819 236 2885 224.
272 2817 370 2884 ltuqrre
389 2818 462 2870 nibil
480 2837 552 2872 nunc
570 2820 780 2872 sollicitandum
799 2819 1018 2886 pronuntiarem,
1036 2817 1091 2870 nisi
1110 2817 1138 2868 in
1157 2816 1266 2868 duobus

95 2885 181 2940 libris
197 2885 344 2937 obveniret
361 2887 535 2954 principium,
554 2889 627 2939 unde
644 2889 789 2940 fortassis:
809 2889 936 2955 habetque
951 2887 1120 2956 principium.
1155 2883 1263 2952 Sulpic.

92 2956 190 3007 Seuer.
215 2953 243 3004 in
266 2951 334 3003 bist
358 2970 414 3004 suc.
437 2957 561 3006 maiorem
582 2957 691 3009 minoris
712 2957 873 3007 subdendam
899 2971 954 3008 esee
995 2955 1118 3022 mancipio,
1149 2957 1265 3003 notante

91 3020 221 3075 Barthio.
255 3021 334 3070 Adde
350 3021 425 3089 bipa.
443 3023 478 3073 ad
494 3021 562 3074 Tac.
576 3026 644 3075 dnn.
663 3025 673 3074 Ι
691 3024 725 3089 [c.
745 3025 832 3089 (il.].“
852 3023 937 3074 Gran.
972 2972 1145 3091 deripuerant
1160 3020 1263 3087 priuci-

89 3091 166 3160 pium
185 3087 286 3156 probat
303 3086 389 3140 Zeno.
425 3088 486 3143 Vid.
506 3097 563 3144 not.
584 3119 618 3130 -·
639 3093 691 3144 cibi
712 3109 766 3144 orrr.
789 3091 944 3154 (rellan.)
963 3090 1015 3142 lll.
1041 3118 1073 3129 -
1097 3088 1265 3140 detrimenta

94 3244 142 3302 1⁶,
168 3243 211 3290 22
238 3246 267 3292 ut
290 3239 339 3290 boc
366 3240 422 3292 solo
444 3259 462 3293 u
481 3257 510 3294 sc
535 3243 655 3310 disiectat,
704 3242 776 3305 ciat,
810 3241 926 3293 dubium
950 3256 1003 3293 non
1024 3247 1068 3294 est
1086 3259 1102 3292 e
1121 3239 1176 3292 loci
1197 3255 1263 3290 con·

95 3309 166 3377 quod
182 3309 269 3359 maior
286 3309 404 3358 minorue
421 3309 464 3359 sit.
703 3315 791 3360 textu.
826 3309 880 3360 Sed
899 3311 993 3360 obstat
1009 3309 1163 3360 auctoritas
1175 3306 1263 3367 Festi,

127 3379 169 3425 76.
210 3376 323 3426 otiorum
349 3391 487 3426 mauman
516 3377 656 3426 vocatione
704 3375 765 3442 quir
793 3376 876 3438 Hira,
895 3375 1000 3440 inquit,
1018 3391 1086 3441 quiae
1102 3372 1263 3423 ‹lemiuutioc

91 3443 262 3506 reverendus]
278 3440 298 3492 i.
312 3459 338 3492 e·
356 3458 419 3492 cnm
437 3442 463 3492 ei
481 3443 656 3492 reverentiae
704 3444 803 3492 dicitur
829 3442 911 3503 lilla,
945 3457 1024 3507 quem
1050 3441 1147 3490 Graeci
1171 3439 1263 3489 dicunt

93 3524 180 3560 cerasa
197 3511 318 3562 aliorum
340 3523 486 3560 muncrum
506 3509 597 3560 danda
617 3509 657 3559 sit
702 3507 806 3573 νῆστιν,
824 3509 977 3558 intestinum
994 3515 1041 3572 est,
1059 3506 1129 3572 quod
1145 3505 1263 3556 iciunum

93 3576 214 3628 vocatio
703 3582 807 3626 uocant.
843 3573 913 3641 [vid.
938 3575 1017 3625 Paul.
1038 3573 1115 3625 lliac.
1136 3590 1160 3624 ι.
1177 3573 1207 3623 Ιι.
1225 3572 1262 3640 m]

129 3649 173 3695 at.
208 3642 360 3710 dissiptum]
395 3642 563 3709 „Dissiptum
596 3641 655 3692 dis·
704 3643 740 3693 Μ
754 3641 832 3693 Festi
850 3641 1003 3693 auctorita·
1017 3641 1098 3693 nobis
1113 3658 1166 3693 non
1185 3646 1263 3694 tanta

94 3710 530 3843 btttlettutltttltt.
559 3708 655 3828 itt.
704 3709 835 3828 {litte
851 3709 1263 3844 ''tltttllt'dlttlttt

95 3845 137 3897 cis
156 3841 319 3911 διάφραγμα
336 3848 411 3894 est-‘⁶
430 3844 517 3894 Pon'r.
705 3844 817 3896 testinis
838 3844 930 3898 bitum
952 3845 1010 3898 dici
1030 3863 1084 3898 non
1107 3845 1189 3896 modo
1206 3843 1263 3894 No·

127 3908 295 3979 μεσὲντερον]
320 3911 410 3976 „Cum
428 3909 621 3976 distinguatur
638 3927 656 3962 a
705 3913 770 3964 nina
796 3913 889 3977 docet,
926 3914 975 3965 sed
1003 3919 1032 3965 et
1059 3915 1138 3963 locus
1165 3909 1263 3961 Plauti

94 3979 313 4045 diaphragmnte
331 3979 384 4029 boc
399 3978 463 4028 loco
479 3985 508 4028 ct
521 3977 655 4030 intestino
704 3980 787 4031 curo.
805 3981 843 4042 ll,
859 3985 883 4044 1,
902 3985 944 4032 23.
963 3979 1138 4048 comprobat:
1218 3977 1261 4026 1ιὶ-

94 4054 190 4110 recto,
213 4045 285 4097 baut
301 4044 386 4097 dubie
402 4043 604 4111 intelliguntur
622 4061 657 4097 ee
704 4064 753 4099 rue
781 4065 869 4100 omues
897 4050 996 4099 dolent.
1049 4047 1138 4096 Verbo
1167 4046 1262 4095 autem

94 4115 240 4176 intestina,
258 4112 657 4178 qooeGeleodieunturieiu-
704 4117 876 4183 praecipuum
906 4122 1002 4166 noster
1026 4112 1140 4164 videtur
1166 4125 1263 4176 reape-

93 4200 169 4246 num,
186 4181 301 4241 mulus,
319 4181 434 4232 mutatus
450 4186 478 4232 et
494 4196 596 4233 coccum
612 4182 656 4231 ie-
705 4182 782 4232 xisse
800 4181 939 4248 originem
958 4181 1079 4231 numinis
1095 4174 1192 4245 deponi,
1209 4193 1265 4244 quo

95 4249 250 4304 teatinum.“
274 4247 360 4298 Zssuu.
705 4247 871 4298 intestinum
895 4253 1001 4297 rectum
1023 4247 1190 4313 Hippocrati
1215 4261 1265 4312 up-

133 4317 204 4385 quod
221 4322 319 4366 veteres
332 4314 418 4364 laicum
433 4322 561 4367 vacarunt
577 4315 658 4365 tate·
707 4314 810 4380 pellaci
829 4319 948 4374 cunctat,
963 4312 1010 4363 vel
1027 4316 1063 4365 ob
1079 4331 1169 4376 usura,
1182 4329 1265 4380 quern

95 4391 191 4451 torque
200 4382 369 4449 praecipuum
379 4383 571 4449 scamnorum]
586 4382 658 4444 „Ht-
706 4387 842 4447 prnestat‚
860 4381 916 4444 rel,
934 4381 1007 4446 quod
1024 4381 1201 4448 probabilius
1216 4397 1266 4432 ex-

94 4467 156 4502 ram
180 4447 344 4499 intestinum
363 4450 523 4501 rectnmab
542 4457 658 4500 auctora
705 4447 886 4500 intimandum
915 4453 971 4510 eat,
1003 4449 1153 4502 obsitum.
1193 4449 1265 4501 Nam

95 4515 234 4584 intelligi,
250 4515 326 4581 quod
339 4520 517 4569 excrementa
532 4515 589 4570 cibi
604 4515 658 4570 eii·
705 4516 940 4586 quemadmodum
956 4530 974 4571 a
990 4515 1074 4572 Galsa
1093 4518 1265 4583 stomachus,
