2950 4992
188 90 254 159 248
671 82 881 151 Maenouu

556 252 627 321 XII.
668 253 718 319 lio
740 251 845 319 iuturo
865 249 997 339 passivo.

276 338 470 408 Paenuitima
498 336 613 425 syllaba
633 337 714 426 apud
736 338 871 405 Graecos
898 336 995 402 futuri
1020 334 1111 402 activi
1141 342 1250 422 quarta
1279 338 1324 403 fit
1356 361 1386 405 a

194 430 256 495 fine
279 426 406 515 passivi,
445 420 553 508 νοήσω
580 420 803 508 νοηθὴσομαι,
841 417 1034 509 θεραπεύσω
1058 416 1384 507 θεραπευθήσομαι,

195 508 300 579 ἐλάσαι
327 505 557 593 ἐλασθήσομαι.
601 508 741 575 Secunda
769 528 899 595 persona
926 508 1028 572 minor
1054 507 1167 592 syllaba
1198 508 1233 572 iit
1264 531 1381 596 quarn

164 600 308 687 2prima:
349 591 574 679 λαληθήσομαι
600 590 793 678 λαληθήσει,
836 589 1056 677 τιμηθήσομαι
1081 588 1259 675 τιμηθήσει.
1306 596 1380 660 ltta

194 704 270 751 vero
292 682 408 770 specics
428 679 551 767 propria
573 679 762 746 Graecorum
783 686 844 756 cst,
883 678 966 764 quod
987 676 1079 743 habet
1104 677 1136 741 in
1158 699 1269 763 genero
1293 701 1379 765 pas-

195 769 262 835 sivo
281 767 420 835 futurum
442 763 525 851 quod
546 786 611 831 rem
635 764 787 851 significat
808 783 870 828 non
895 763 994 829 multo
1014 769 1084 849 post
1103 762 1157 828 sed
1183 784 1256 829 mox
1278 764 1379 832 futu-

194 874 277 931 ram,
316 859 353 918 ut
376 846 590 933 πεποιήσομαι
615 844 827 936 γεγράψομαι.
869 849 937 913 Ηοο
961 856 1065 913 autem
1086 854 1209 932 tempus
1229 870 1266 914 er
1294 872 1377 935 per-

195 938 276 1005 iccto
298 934 434 1001 aiusdam
456 934 577 1019 generis
599 935 743 1001 nascitur.
784 933 912 1000 Inscrtis
933 934 1016 999 enim
1038 933 1190 1000 secundae
1211 956 1377 1021 personae

195 1021 323 1113 perfecti
351 1019 471 1085 duabus
499 1018 596 1086 literis
621 1022 649 1084 0
670 1018 728 1085 παὶ
749 1021 795 1083 Μ
808 1017 945 1085 futurum
969 1018 1168 1103 paulopost,
1202 1021 1286 1106 quod
1309 1028 1375 1089 nt-

146 1108 314 1195 [soaJticum
336 1111 477 1184 vocatur,
503 1104 649 1184 efficitur,
681 1103 855 1188 πεποίησαι
874 1100 1104 1187 πεποιήσομαι,
1129 1100 1294 1188 γέγραψαι
1314 1130 1374 1190 με-

197 1186 373 1276 γράνομαι.
415 1190 481 1257 Nec
506 1191 544 1255 ab
571 1211 605 1257 rc
635 1198 701 1255 erat
724 1190 817 1277 pauic
844 1187 1076 1275 postfuturum
1102 1210 1141 1254 ex
1193 1192 1264 1257 auio
1290 1203 1374 1260 anta

169 1278 353 1345 {ttransacto
386 1282 525 1361 temporo
559 1275 723 1362 procreari.
772 1274 977 1340 Inveniuntur
1012 1273 1188 1340 huiusmoi
1223 1285 1375 1364 tempora

198 1361 327 1448 figurata
348 1367 380 1426 ct
399 1381 438 1425 ax
458 1358 560 1427 verbis
584 1360 617 1425 in
640 1362 675 1426 Ω
698 1360 898 1437 exeuntibus,
928 1369 965 1425 ut
985 1367 1033 1424 est
1054 1356 1246 1444 δεδοιαήσω,
1279 1366 1373 1449 quod

197 1446 358 1557 proprium
381 1444 641 1530 Syracusanorum
663 1452 724 1525 cst,
765 1454 797 1512 et
822 1441 970 1525 coccea,
1001 1451 1038 1511 ut
1058 1444 1141 1528 apud
1160 1448 1373 1515 Dracontem:

200 1535 292 1617 Αταρ
313 1529 371 1597 παὶ
390 1530 480 1615 δῶρα
501 1526 692 1614 δεδώσομεν,
714 1529 802 1616 quasi
818 1530 914 1617 pacto
931 1540 1002 1615 post
1021 1528 1163 1595 σοοίοιαι.

429 1616 515 1683 XIII.
555 1616 604 1683 Da
626 1616 790 1682 indicativo
817 1615 924 1700 quiet
946 1613 1135 1680 diffinitivas.

273 1698 469 1767 indicativus
493 1701 588 1767 habat
611 1702 743 1768 solutam
772 1700 810 1765 da
836 1721 871 1765 ra
900 1721 980 1787 quae
1007 1700 1107 1799 agitur
1140 1700 1371 1785 pronuntiatio

199 1806 281 1852 nem.
323 1787 402 1854 Nam
424 1786 478 1871 qui
503 1786 577 1853 dicit
602 1787 685 1851 ποιῶ
707 1784 842 1852 ostendit
863 1784 946 1863 iiari,
985 1805 1039 1870 qm
1060 1791 1164 1850 autem
1186 1784 1260 1850 dicit
1279 1788 1372 1851 ποίει

199 1878 236 1937 ut
258 1870 311 1935 fiat
331 1870 373 1935 im
387 1867 479 1949 erat,
505 1871 559 1969 qui
581 1871 655 1937 dicit
675 1870 704 1935 εἰ
724 1875 852 1953 ποιοῖμι
874 1878 961 1968 optat
980 1878 1017 1935 ut
1037 1867 1107 1949 fiat,
1139 1869 1192 1955 qui
1212 1870 1286 1936 dicit
1309 1867 1372 1935 ἐὰν

200 1956 284 2020 ποιῶ
304 1976 360 2019 nac
384 1977 434 2021 um
458 1956 524 2021 tien
545 1957 750 2022 demonstrat:
780 1977 852 2021 cum
874 1954 948 2020 droit
965 1959 1088 2033 ποιεῖν,
1117 1955 1201 2020 nulia
1222 1956 1372 2023 diffinitio

201 2047 258 2107 est
299 2039 389 2105 Solus
415 2039 510 2124 igitur
538 2040 686 2106 diffinitus
717 2040 852 2126 perfecta
885 2040 931 2105 rei
961 2039 1144 2105 diffinitione
1175 2040 1371 2106 continetur:

199 2124 284 2191 unde
304 2123 415 2190 Graeci
435 2118 603 2210 ὁριστιπὴν
625 2122 779 2209 ἔγκλισιν,
793 2124 895 2191 Latini
910 2124 1031 2190 modum
1045 2124 1236 2211 deffinitivam
1252 2126 1371 2193 vocita-

170 2212 321 2278 2varunt
362 2209 507 2297 Denique
529 2210 632 2277 omnia
652 2218 792 2296 tempora
814 2210 846 2275 in
867 2207 927 2275 hoc
947 2209 1014 2275 soto
1040 2210 1134 2275 modo
1162 2209 1313 2275 disiuncta
1337 2219 1373 2277 et

200 2294 296 2361 libera
317 2292 524 2381 proferuntur.
565 2296 683 2363 Dicunt
706 2295 788 2362 anim
817 2292 987 2371 ἐνεστῶτος
1007 2295 1108 2374 ποιῶ,
1147 2314 1193 2359 πα
1250 2297 1372 2360 ατιαοῦ

203 2377 346 2445 ἐποίουν.
390 2384 434 2445 nt
460 2381 493 2445 in
527 2381 708 2469 imperativo
734 2381 905 2467 iunguntur
932 2378 1007 2444 haec
1032 2388 1172 2465 tempora
1230 2379 1369 2455 εστῶτος

202 2462 260 2531 καὶ
278 2467 512 2550 παρατατιαοῦ,
538 2467 640 2533 παίεις
675 2466 803 2533 iteruin
824 2463 1020 2532 coniunctivo
1041 2461 1210 2541 ἐνεστῶτος
1230 2463 1287 2529 καὶ
1305 2486 1369 2531 πα-

202 2547 490 2718 ξέαῗῗῗᾰιὲμῖ
509 2550 907 2711 atttnttttdtttt
920 2547 1368 2701 ἕέἱῖτῗὲἰπριέ.

174 2685 353 2787 tsim'ititcr
375 2719 556 2785 indicativus
577 2716 816 2806 παρακειμένου
840 2720 913 2785 iacit
936 2658 1096 2803 πεποίηῖια
1121 2728 1153 2785 at
1177 2685 1367 2805 ric’apnovta

204 2805 300 2867 λαιοῦ
320 2799 539 2887 ἐπεποιήκεινε
564 2805 764 2892 imperativus
786 2826 859 2871 vcro
877 2801 1116 2891 παρακειμένου
1134 2804 1192 2869 παὶ
1210 2799 1368 2891 ὑπερσυν-

205 2888 332 2953 vannos
358 2886 429 2953 iacit
454 2889 607 2973 πεποίηκε
631 2886 848 2975 πεποιηκέτωι
882 2899 914 2955 ct
937 2891 1150 2956 coniunctivus
1176 2890 1369 2975 παρακειμέ-

205 2996 268 3038 νου
288 2972 345 3039 uod
365 2967 650 3058 ὑπερσυντελιιιοῦ,
672 2972 730 3040 ἐὰν
750 2972 933 3059 associum:
958 2976 1113 3060 optativus
1131 2974 1369 3061 παρακειμένου

206 3056 264 3123 παὶ
298 3052 585 3144 ὑπερσνντελιαοῦ,
633 3060 663 3125 sl
698 3056 925 3144 πεποιήκοιμιε
969 3060 1109 3126 infinitus
1151 3058 1369 3146 πεποιημένα.

177 3144 326 3210 4Βαεεοε
347 3142 528 3211 indicativus
552 3146 652 3212 utitur
670 3146 862 3233 temporibus
887 3146 1050 3230 separatis,
1093 3165 1162 3210 oum
1188 3146 1263 3213 dicit
1281 3145 1369 3232 ἀορί-

157 3240 309 3315 [aoapcrov
337 3224 487 3315 ἐποίησα,
519 3228 691 3316 μέλλοντος
715 3226 860 3317 ποιήσαι
897 3230 951 3296 sed
972 3230 1170 3319 imperativus
1191 3232 1263 3299 iacit
1282 3228 1370 3319 ἄορί-

275 3382 330 3438 Μι.
348 3382 396 3447 Ρ.]

275 3464 343 3530 XII,
372 3471 397 3519 1.
434 3462 598 3538 λαληθῆσηι
621 3503 647 3521 ..
670 3462 828 3536 τιμηθήσηι
854 3466 924 3519 uad.
1074 3470 1102 3518 ³.
1135 3475 1255 3537 tempore
1279 3466 1311 3521 Ρ.
1336 3497 1370 3510 -

209 3532 368 3587 Βεαοοοεπι
389 3536 466 3600 p2·b.
501 3536 562 3589 Vid.
581 3542 638 3591 not.
653 3564 686 3576 -
703 3534 956 3589 ΔΕΔΩΣΩΜΗ
960 3533 994 3586 Ν
1006 3532 1037 3587 Ρ.

276 3599 354 3650 xlll.
383 3602 520 3666 finitionis
542 3610 617 3671 (sap.
639 3604 703 3655 add.
731 3606 782 3669 dis.
808 3618 825 3653 a
846 3618 903 3654 sec.
924 3606 975 3662 m.)
1004 3601 1038 3653 P.
1191 3604 1219 3653 3.
1263 3602 1369 3656 ΠΑΡΑ-

210 3664 526 3735 KEIMENONfacit
541 3705 567 3722 ..
584 3680 609 3725 ct
633 3666 1025 3723 ΥΠΕΡΣΥΝΤΕΛΙΚΟΝ
1038 3667 1070 3722 Ρ.

242 3798 310 3865 xn,
337 3802 363 3851 2
395 3802 479 3870 panio
514 3809 555 3856 cst
565 3802 700 3870 futurum]
723 3804 766 3855 Da
816 3802 896 3855 iliam
929 3806 1089 3856 constanter
1118 3806 1196 3856 tecet
1229 3804 1289 3857 cod.
1320 3820 1370 3857 ms.

206 3866 261 3919 hoc
277 3868 462 3922 nominavid.
502 3876 637 3923 uttmann.
655 3872 704 3923 Gr.
716 3872 767 3923 Gr.
816 3870 975 3937 opponitur·
1000 3879 1094 3924 sutem
1117 3871 1250 3924 definitus
1276 3872 1370 3925 modus

208 3934 222 4001 ᾗ
241 3939 301 4003 1³8,
320 3942 378 3988 nota
816 3937 927 3989 infinito
942 3943 973 3990 nt
987 3939 1061 4005 apud
1072 3938 1234 3992 Ciceronem
1250 3938 1321 4007 Top.
1328 3943 1370 3991 21.

241 4007 266 4055 ³.
301 4005 375 4072 opud
390 4004 559 4073 Draocotcm]
578 4004 720 4058 Pantanus
737 4005 766 4058 in
817 4004 962 4058 delinitam
989 4006 1183 4071 quaestionum
1210 4024 1299 4077 genas
1323 4024 1370 4075 op-

206 4068 340 4124 lammata
361 4072 550 4126 adnotationis
571 4072 600 4126 in
640 4089 675 4126 ua
695 4073 768 4126 cita·
816 4073 930 4142 ponitur
952 4072 1072 4125 infinito.

205 4136 367 4217 vitnduscn.
384 4141 539 4193 Professor.
559 4091 653 4204 xxii,
675 4158 702 4193 v.
723 4146 767 4193 10.
853 4143 876 4191 1.
914 4142 1078 4194 indicativus
1093 4139 1157 4209 eto]
1177 4140 1219 4193 Gi.
1238 4140 1274 4193 da
1288 4140 1369 4193 verbo

209 4204 280 4269 Quod
301 4207 389 4260 Draco
411 4209 508 4276 quidve
529 4210 610 4261 Solon
632 4211 767 4274 Senserit,
817 4208 1061 4274 c.1,§§catv.
1101 4227 1102 4230 ’

205 4270 294 4323 habet
318 4276 392 4341 apud
415 4278 573 4329 Παραυαίαν
596 4278 639 4331 oet
665 4278 767 4329 Draco·
850 4279 876 4326 2.
910 4278 940 4327 io
957 4277 1005 4329 dcc
1024 4276 1080 4328 soto
1099 4275 1177 4328 modo
1199 4276 1329 4327 disiuncto
1345 4310 1369 4325 ..

206 4353 275 4387 nom·
815 4342 998 4411 proferuntur]
1015 4342 1058 4394 Gi.
1076 4344 1111 4393 dc
1130 4344 1215 4395 verbo
1232 4360 1257 4393 c.
1278 4342 1369 4407 1‚§6.

240 4402 318 4452 xlii.
354 4404 526 4481 diffinitivas]
553 4408 652 4460 Verior
675 4409 767 4462 forma
851 4410 877 4460 4.
911 4410 1085 4475 imperativus
1096 4411 1169 4474 [ποία
1185 4409 1250 4476 etc]
1274 4407 1315 4460 ct.
1329 4406 1369 4461 io·

207 4469 251 4516 cst
273 4468 435 4531 definitivus
464 4474 511 4525 vai
533 4476 681 4543 definitus,
716 4475 765 4527 scd
817 4474 861 4528 fra
879 4491 903 4525 c.
921 4477 968 4541 16,
990 4474 1004 4541 ὗ
1024 4479 1066 4529 12.
1099 4476 1369 4530 numerationem
