2950 4992
270 169 407 238 culmi.
428 168 473 235 IN
494 165 620 234 SOMN.
642 164 741 233 scut
784 156 859 233 Lmss
880 164 919 232 11.
962 167 1052 234 CAP.
1074 170 1140 235 VII.
1229 166 1289 236 lbi

119 364 189 410 sum
211 340 343 406 antelmo
364 336 544 421 descriptio:
582 354 753 421 numquam
781 354 855 401 vero
881 336 978 402 solem
1002 337 1141 405 fenestra
1166 345 1288 425 septan-

34 482 41 491 .
120 427 231 493 trionis
249 423 391 500 admittit,
413 422 486 509 quia
507 441 677 507 numquam
700 422 766 485 aP
783 420 871 505 signo
892 421 928 485 ad
952 423 1045 487 Osol
1065 425 1189 501 accedit,
1211 423 1337 511 seduco]

121 534 139 579 a
159 513 189 577 Ρ
208 529 328 596 semper
347 506 568 573 retrocedendo
592 526 666 571 num
690 526 762 571 uam
784 504 861 571 fines
881 506 943 591 poli
973 528 1005 571 se
1028 510 1220 575 tentrionalis
1242 519 1287 574 at-

121 597 227 684 tingit:
262 604 295 661 et
315 594 385 659 ideo
408 613 576 677 numquam
602 613 658 677 per
700 613 763 657 uno
789 591 945 657 cardinem
966 528 1070 658 radius
1092 595 1164 659 solis
1186 594 1287 661 inlun-

121 684 213 750 ditur.
259 679 407 747 Eiusdem
435 678 480 743 rei
508 677 720 762 probationem
746 677 856 743 umbra
883 698 1008 764 quoque
1034 679 1197 745 cuiuslibet
1221 696 1287 743 cor·
1297 676 1336 745 13

121 768 204 855 poris
229 766 362 833 sufficiet
384 773 532 835 astruere.
573 763 653 829 Nam
680 771 712 828 et
737 763 771 828 in
796 783 938 829 oceasum
963 763 1044 829 cadit
1067 766 1186 830 oriente
1213 763 1286 840 sola,

120 854 201 919 etin
223 859 342 926 ortum,
363 870 433 914 cum
455 849 495 913 sit
513 847 674 914 occiduus:
702 848 805 914 medio
828 854 931 915 autem
952 849 1017 928 die,
1037 849 1109 936 quia
1131 849 1176 915 sol
1197 848 1289 913 mori·

120 940 201 1005 diem
222 944 320 1013 tenet,
350 934 381 998 in
398 935 642 1018 septentrionem
663 935 773 1000 umbra
793 933 968 1021 depellitur:
1004 936 1036 1001 in
1056 944 1199 1001 austrum·
1214 952 1288 999 varo

120 1025 200 1091 cirea
234 1029 371 1087 nostram
406 1018 627 1084 habitationem
659 1020 838 1118 inpossibile
869 1028 918 1085 est
947 1023 1088 1087 umbram
1122 1020 1288 1087 cuiuslibet

120 1107 259 1193 eorporis
283 1105 408 1180 eadere,
447 1104 520 1190 quia
545 1125 669 1188 semper
693 1127 725 1169 m
756 1104 915 1171 adversam
942 1107 999 1171 soli
1032 1116 1150 1192 partem
1177 1104 1287 1173 umbra

121 1195 267 1269 iactatur,
303 1190 448 1256 adversus
474 1198 578 1255 autem
605 1198 711 1255 austro
736 1191 819 1275 apud
842 1191 964 1256 nossol
987 1210 1138 1257 essenon
1163 1189 1287 1278 poterit,

120 1300 191 1344 oum
218 1296 387 1362 numquam
414 1274 491 1341 lines
523 1276 779 1360 septentrionales
807 1276 946 1361 attingat
1007 1276 1101 1353 Sane,
1139 1277 1337 1362 quoniamll

121 1382 192 1463 pars
213 1363 265 1427 illa
284 1368 428 1447 perustae
449 1381 528 1446 quaa
549 1369 738 1447 temperatae
764 1360 862 1428 rioina
883 1369 931 1427 est
950 1358 1085 1426 admittit
1105 1360 1288 1437 habitantes,

121 1449 200 1527 illic,
234 1447 264 1514 id
285 1457 333 1513 est
356 1455 442 1511 trans
458 1445 632 1532 tropicum;
671 1466 884 1533 quaecumque
905 1445 1084 1512 habitantur
1104 1446 1202 1530 spatia
1219 1464 1288 1509 urn-

122 1536 208 1599 bram
237 1532 365 1599 mittunt
392 1531 425 1597 iu
452 1541 591 1597 austrum
619 1552 657 1596 eo
682 1541 823 1617 tempore
850 1552 912 1618 quo
941 1532 986 1597 sol
1014 1532 1166 1597 Cancrum
1193 1537 1288 1595 tenet.

122 1622 210 1685 Tunc
231 1619 313 1684 enim
337 1617 373 1682 fit
396 1616 440 1681 eis
462 1617 507 1682 sol
531 1616 793 1702 septentrionalis,
818 1636 888 1682 cum
908 1616 1060 1703 tropicum
1079 1625 1179 1694 tenet,
1205 1614 1289 1702 quod

121 1704 244 1771 abillis
272 1704 311 1769 ad
343 1702 584 1788 septentrionem
607 1703 732 1768 recedit
790 1702 905 1770 Civitas
929 1711 1032 1769 autem
1060 1702 1174 1788 Syene,
1209 1700 1337 1787 quaelb
1374 1706 1403 1760 s

122 1790 298 1876 provinciae
327 1786 501 1852 Thebaidos
526 1794 597 1871 post
622 1788 817 1874 superiorum
845 1788 997 1853 montium
1028 1788 1148 1853 deserta
1176 1786 1288 1875 princi·

123 1875 210 1960 pium
229 1882 291 1951 est,
312 1873 371 1937 sub
389 1872 456 1957 ipso
475 1872 592 1938 aestivo
613 1880 662 1937 tro
686 1873 733 1937 ico
753 1871 919 1938 constituta
938 1880 999 1938 est:
1033 1880 1064 1938 et
1084 1893 1121 1938 eo
1140 1873 1205 1949 die,
1225 1892 1287 1956 quo

122 1958 169 2025 sol
191 1966 305 2024 certam
325 1965 444 2043 partem
466 1957 637 2042 ingreditur
704 1958 784 2031 neri,
822 1958 898 2023 hora
919 1956 979 2023 diei
1002 1967 1102 2033 sarta,
1161 1957 1287 2023 uoniam

123 2044 169 2110 sol
188 2051 263 2109 tuno
284 2063 378 2127 super
398 2042 499 2128 ipsum
522 2043 679 2108 invenitur
697 2043 844 2110 verticem
864 2042 1010 2123 civitatis,
1034 2044 1117 2110 nulla
1138 1979 1200 2109 dte
1220 2050 1287 2127 pot-

122 2136 177 2215 est·
190 2131 222 2194 in
242 2137 356 2193 terram
378 2127 416 2192 de
436 2126 576 2212 quolibet
597 2149 726 2214 corpore
750 2129 859 2194 umbra
885 2128 1005 2208 iactari,
1043 2129 1097 2195 sed
1120 2150 1177 2194 nee
1198 2127 1286 2194 stilus

122 2210 339 2301 hemisphaerii
362 2214 561 2301 monstrantis
582 2213 688 2293 horas,
710 2235 803 2301 quem
823 2209 986 2297 γνώμωνα
1007 2222 1131 2292 vocant,
1151 2222 1226 2278 tunc
1248 2212 1287 2276 de

913 2336 999 2425 [Edd.
1018 2364 1223 2433 vlcahgspdzb.

122 2452 265 2505 iterumne
286 2450 336 2500 ΒΞ.
360 2476 394 2487 -
417 2450 539 2501 antelato
557 2454 633 2515 (sup.
649 2450 847 2515 manifesta)
871 2448 921 2499 Rl.
945 2476 979 2486 -
999 2450 1119 2513 fenestra
1136 2444 1292 2515 septentrio·

122 2519 212 2570 nalis
230 2518 310 2568 solen
332 2515 504 2567 nisinun.
558 2518 637 2567 solem
652 2518 811 2579 fenestram
830 2517 1013 2583 septentrionis
1039 2514 1071 2567 B.
1096 2542 1128 2552 -
1156 2530 1205 2583 per
1222 2514 1291 2565 hunc

123 2586 258 2637 cardinem
275 2599 419 2651 numquam
442 2583 494 2632 Ra.
542 2600 624 2649 nnnq.
641 2597 690 2651 pes·
712 2584 791 2633 hune
810 2583 882 2633 eard.
907 2583 952 2633 alr.
1105 2584 1146 2633 1³.
1182 2582 1290 2647 efficiet

124 2668 152 2702 v·
171 2676 204 2689 —
221 2666 285 2700 nono
303 2655 371 2709 (osu.
390 2654 428 2707 et)
449 2650 504 2715 gii.
522 2676 556 2687 -
573 2668 631 2700 cunr
642 2651 687 2713 sit
704 2649 785 2715 r·gG
802 2649 925 2713 „Augl.“
947 2676 975 2687 -
993 2650 1132 2701 adversum
1147 2650 1209 2717 poli
1224 2664 1289 2715 pur-

123 2727 175 2772 tem
193 2718 245 2767 Rl.
263 2744 298 2753 -
313 2718 442 2767 umbrans
458 2717 491 2765 G.
510 2742 545 2754 -
560 2718 795 2783 septentrionalis
811 2715 912 2769 ΜΟ.
1064 2720 1104 2767 14.
1138 2732 1203 2784 pars
1220 2721 1288 2777 (om.

124 2786 187 2844 illa)
205 2784 239 2835 G.
255 2810 291 2821 -
311 2785 472 2835 habitantes.
490 2784 548 2834 iltis
563 2784 606 2835 FS
624 2790 655 2846 (e
672 2784 776 2835 ceteris
795 2784 863 2835 Mes.
882 2798 936 2834 non
955 2783 1068 2835 enotavi
1086 2784 1290 2852 interpunctio-

69 2866 75 2880 ’
124 2869 188 2905 nem
205 2851 235 2901 h.
252 2853 296 2912 1.).
331 2852 479 2903 habitantes
494 2852 551 2902 illie
566 2853 635 2905 ΕΜ.
656 2878 690 2890 -
707 2854 746 2918 fit
762 2854 801 2904 eis
818 2851 926 2904 Bono.
962 2852 1045 2969 eissst
1063 2852 1142 2903 i-bt’.
1170 2856 1207 2921 fit
1225 2848 1289 2903 eis

124 2920 218 2973 thll.
253 2921 328 2985 eifit
344 2919 563 2985 Fv·ana.Bnn.
714 2922 755 2971 15.
794 2921 895 2972 Ciuitas
911 2920 990 2971 enim
1031 2921 1064 2970 D.
1077 2948 1111 2957 -
1127 2928 1190 2972 tnnc
1205 2920 1244 2971 sol
1260 2918 1290 2970 S.

125 2990 340 3048 soliemnem)
359 2987 390 3037 F.
410 2987 635 3040 -interrism
655 3014 686 3023 -
701 2988 923 3057 antepartum
946 2988 1020 3038 .Rl.
1054 2989 1182 3039 umbram
1203 2988 1236 3039 G.
1257 3014 1289 3025 -

126 3073 202 3127 quem
218 3072 385 3125 gnomonem
403 3052 518 3107 sunau.
556 3070 632 3122 quens
649 3055 761 3107 stilum
776 3072 910 3124 winone
955 3089 963 3104 ·
1003 3072 1077 3123 quesn
1093 3056 1205 3108 stilum
1221 3072 1292 3125 gna·

157 3210 276 3272 sensnm
290 3205 483 3274 septentrionis]
501 3205 518 3257 i.
534 3222 559 3257 e.
575 3204 604 3256 in
620 3222 684 3273 sep·
735 3205 912 3275 Quamquam
929 3204 1003 3259 enirn
1021 3206 1053 3259 P.
1070 3205 1166 3258 Iovios
1183 3204 1292 3258 Histor.

126 3274 288 3329 tentrionali
307 3274 418 3325 aedium
436 3280 517 3339 parte
535 3273 599 3325 sita.
733 3276 784 3325 lib.
809 3278 847 3327 18.
874 3275 1039 3343 (longanum
1061 3276 1096 3326 ab
1119 3274 1220 3326 incolis
1243 3291 1292 3326 vo·

161 3346 202 3395 lt.
236 3341 374 3411 tropicum]
399 3341 418 3391 i.
438 3357 462 3392 e.
482 3340 621 3408 tropicum
645 3339 684 3391 si·
734 3342 792 3393 cari
811 3344 974 3406 contendat,
1008 3341 1081 3395 alius
1100 3347 1190 3393 tamen
1209 3342 1293 3392 aliter

126 3428 227 3481 gnum,
249 3410 398 3461 Generum.
734 3410 847 3465 sentire.
883 3409 957 3461 Olim
977 3410 1088 3477 Syenen
1106 3414 1134 3459 et
1152 3408 1293 3475 Elephan-

89 3472 97 3485 ·
164 3482 205 3530 ¹⁵·
243 3480 346 3529 (ΜΝ
365 3484 452 3526 “mm
474 3476 570 3542 sym]
591 3476 684 3541 ιιΕῦῐΙ·
734 3479 810 3530 tinen
833 3477 947 3545 imperil
964 3476 1085 3528 Romani
1105 3474 1195 3527 luisse
1215 3476 1293 3527 clau-

127 3547 190 3598 tem
212 3562 272 3596 rem
289 3548 385 3595 narrat
402 3543 512 3594 Plinius
532 3543 574 3606 ll,
596 3548 631 3593 ’(3
649 3543 684 3608 [a.
733 3553 794 3598 stra
815 3550 912 3597 auctor
933 3550 976 3596 est
1001 3542 1119 3597 Tacitus
1138 3544 1235 3595 huual.
1254 3541 1291 3608 ll,

127 3620 175 3677 th,
198 3614 278 3680 ΗΘΒ
295 3612 386 3678 Sill;]:
419 3612 614 3673 Similimodo,
641 3611 684 3661 in·
733 3618 797 3665 61.“
822 3606 908 3665 Zeus.
929 3638 963 3651 -
989 3610 1031 3665 Gi.
1048 3611 1151 3664 incerti
1168 3611 1292 3664 auctoris

128 3682 199 3748 quit,
214 3682 334 3745 trudunt,
351 3683 380 3731 in
396 3680 480 3745 Syene
493 3680 599 3746 oppido,
614 3678 685 3745 quod
734 3682 886 3749 fragment.
908 3678 1009 3745 math,
1040 3681 1113 3747 quod
1132 3680 1200 3732 huie
1219 3680 1292 3731 libro

128 3758 168 3801 est
188 3766 271 3817 supra
289 3748 480 3800 Alexandriam
502 3748 616 3813 quinque
634 3746 686 3796 nri·
735 3748 901 3812 subieci,‘l,
919 3748 932 3815 i
950 3754 991 3813 7.,
1023 3756 1051 3800 et
1069 3748 1292 3801 scholiaecod.

128 3818 197 3869 libus
219 3816 379 3878 studiorum,
416 3815 525 3865 solstitii
539 3815 582 3863 die
599 3815 687 3865 medio
735 3819 778 3868 Bb
795 3816 901 3869 ibidem
920 3816 1078 3887 exscripta,
1112 3810 1292 3869 et‘Martlan.

128 3887 230 3937 nullam
245 3883 446 3935 ambroniaci:
459 3889 617 3948 puteumque
631 3882 687 3931 eius
736 3886 783 3949 Vl,
802 3885 816 3952 ᾗ
834 3888 894 3937 598.

129 3953 300 4021 experimenti
316 3951 409 4020 gratia
429 3952 533 4013 suctum
551 3955 635 4000 totum
653 3950 689 3999 it·
772 3954 847 4005 Horu
864 3952 919 4003 diei
936 3950 1018 4019 sextu]
1041 3948 1096 4013 „ui
1115 3966 1139 4001 e.
1160 3948 1220 4001 dies
1237 3960 1293 3999 ms·

130 4020 265 4073 luminari.
301 4021 345 4070 lin
362 4034 413 4084 quo
430 4022 550 4083 appetet,
572 4024 628 4068 turn
645 4033 688 4067 so·
715 4020 817 4085 dius,
833 4024 835 4031 '
851 4036 933 4087 quem
961 4018 1070 4071 Plinius
1097 4018 1164 4069 l.‘l.
1196 4016 1294 4068 dioit.“

130 4090 180 4140 Ιοιιι
211 4088 254 4140 illi
284 4088 341 4138 loco
370 4100 452 4152 snpra
477 4085 598 4135 uerticem
625 4100 687 4135 esse.
739 4088 825 4141 Ζιιιιιι.
1048 4138 1052 4151 ,

130 4156 224 4208 flarius
238 4155 317 4205 urbis
332 4152 416 4204 etiam
432 4152 602 4202 mentionem
620 4151 690 4203 iacit
772 4156 851 4208 stitus
867 4154 936 4206 hemi
967 4152 1051 4204 dutrii
1062 4152 1232 4203 monstrantis
1248 4150 1294 4202 ho-

128 4223 287 4275 Pausanias
308 4221 337 4271 iu
358 4220 504 4272 Areadieis
539 4220 618 4284 vlu,
645 4222 690 4283 88,
738 4241 784 4277 ros
806 4238 881 4293 quem
899 4236 1034 4291 yrmporvos
1055 4218 1159 4285 uocant]
1184 4216 1225 4269 cl.
1248 4218 1296 4269 Vi-

132 4291 182 4359 tn],
215 4290 418 4357 nbiqnaednm
437 4288 473 4338 de
498 4288 568 4339 sois
591 4288 691 4339 umbre
739 4298 812 4344 trun.
831 4290 933 4355 lx,a,
950 4292 974 4340 1.
995 4287 1116 4354 Scarphen
1132 4289 1187 4337 siue
1202 4286 1298 4337 bensi-

133 4358 265 4425 disputat,
283 4366 312 4409 et
328 4356 489 4424 Stephanus
504 4357 540 4407 de
558 4354 691 4417 Urbibus,
741 4378 753 4412 s
781 4358 927 4411 boecium
960 4354 1095 4416 (inuenit)
1129 4354 1299 4406 Aristarchus

134 4425 169 4477 etl
186 4426 375 4491 qnamlonsrnr
389 4424 517 4476 Thomas
534 4424 569 4475 da
584 4422 691 4475 Piuedo
765 4427 865 4489 amiur,
899 4428 928 4475 at
950 4422 1080 4475 Martiae·
1105 4420 1155 4485 v1,
1187 4421 1298 4488 §59st

133 4492 249 4556 scribit,
283 4494 318 4543 de
342 4492 479 4543 hodierno
503 4492 612 4561 Syenes
641 4496 691 4543 no²
745 4495 848 4563 Quippe
865 4488 976 4560 scaphio
993 4491 1116 4543 dieantur
1134 4490 1250 4543 rotunda
1268 4506 1299 4542 se

132 4561 210 4617 miae
226 4559 301 4612 inter
318 4566 446 4612 auemrer
463 4574 517 4613 non
535 4560 693 4613 musenius.
743 4578 804 4623 uere
837 4578 918 4625 oasa,
952 4575 1020 4628 qnae
1051 4558 1175 4612 horarum
1208 4559 1301 4612 ductans
