2950 4992
224 130 362 198 oouu
383 135 428 201 m
449 133 577 205 sous.
598 102 697 205 scm.
740 142 815 208 nm.
836 148 860 211 1.
905 149 993 217 oar.
1015 155 1128 225 xvm.
1220 166 1262 232 oo

87 298 297 380 discederent,
335 304 388 368 sed
417 305 450 369 in
477 305 574 372 isdem
604 309 679 375 locis
704 333 841 399 semper,
880 322 1032 403 utullus,
1072 329 1259 402 viderentur.

86 387 170 450 Ecca
189 386 272 451 enim
292 389 331 452 de
353 389 455 456 infixis
475 393 630 477 Vergiliae
649 417 741 462 neca
764 399 813 464 sui
840 421 986 487 umquam
1009 431 1042 474 se
1062 419 1258 503 copulatione

86 470 268 556 dispergunt
288 495 345 538 neo
365 477 503 561 Hyadas,
534 498 614 563 quae
634 481 751 547 vicinae
773 493 860 562 sunt,
888 488 1035 558 deserunt
1056 510 1109 564 aut
1131 503 1259 574 Orionis

85 557 258 642 proximam
280 561 435 643 regionem
455 563 649 648 relinquunt:
674 567 927 654 Septentrionum
946 597 1094 664 compago
1115 609 1177 654 non
1198 594 1258 658 sol·

85 642 183 707 vitur:
205 646 332 728 Anguis,
354 647 407 730 qui
431 646 513 712 inter
533 670 587 713 eos
609 651 730 730 labitur,
750 657 844 720 semel
865 658 1084 730 circumfusum
1105 693 1166 736 non
1190 698 1257 743 rnu-

84 735 132 792 tat
149 730 334 814 amplerum.
377 733 443 796 Haa
465 754 538 798 vero
559 736 651 800 modo
669 737 702 802 in
722 739 779 806 bae
800 743 892 808 modo
911 745 1014 812 inille
1036 753 1110 818 caeli
1132 753 1287 842 regionali

84 814 239 879 visuntur:
267 825 299 880 et
318 837 425 900 saepe,
447 838 516 883 cum
539 819 570 883 in
592 841 689 887 unum
712 824 815 891 locum
837 828 916 894 duae
938 833 1081 916 pluresve
1103 861 1307 930 convene-[ee]

83 898 155 977 rint,
178 908 210 965 et
230 922 248 964 a
271 901 339 965 loco
359 909 464 966 tamen
486 903 518 967 in
536 927 599 990 quo
622 908 713 972 simul
735 911 818 976 visae
841 922 914 981 sunt
934 924 965 981 et
987 941 1004 984 a
1025 943 1059 986 se
1082 936 1188 1010 postea
1209 953 1257 997 se·

83 995 239 1069 parantur.
281 987 331 1050 Es
353 986 412 1051 boc
431 1008 483 1052 eas
505 1011 568 1053 non
589 1012 657 1056 esse
684 995 769 1060 caelo
799 997 907 1064 infixas
933 1005 1030 1070 oculis
1053 1030 1178 1098 quoque
1203 1037 1267 1103 ap·.

83 1071 286 1154 probantibus
307 1080 442 1136 constat:
477 1073 572 1157 igitur
592 1087 771 1156 moventur,
792 1103 854 1146 nec
878 1106 988 1169 negare
1012 1091 1069 1157 hoc
1090 1099 1254 1186 quisquam

81 1156 197 1240 poterit
223 1155 306 1240 quod
330 1157 413 1223 visus
441 1158 591 1226 adlirmat.
647 1162 868 1241 Quaerendum
899 1179 946 1234 est
972 1194 1059 1258 ergo,
1089 1191 1194 1251 utrum
1215 1191 1285 1260 abt

82 1248 155 1305 ortu
180 1241 218 1304 ad
247 1246 388 1306 occasum
419 1263 458 1306 an
493 1245 525 1308 in
550 1249 738 1314 contrarium
767 1260 855 1317 motu
889 1253 1015 1342 pr‘oprio
1049 1268 1254 1341 revolvantur.

83 1324 143 1389 Sed
172 1333 204 1390 et
231 1325 289 1390 boc
316 1329 537 1412 quaerentibus
564 1333 654 1398 nobis
679 1357 743 1401 non
771 1338 872 1402 solum
901 1343 1148 1418 manifestissima
1175 1361 1255 1426 ratio

82 1409 137 1474 sed
159 1411 243 1476 visus
264 1433 389 1497 quoque
411 1414 477 1498 ipse
499 1419 692 1483 monstrabit.
736 1421 976 1492 Consideremus
998 1451 1072 1516 ergo
1095 1437 1254 1521 signorum

81 1495 233 1575 ordinem,
254 1497 368 1582 quibus
387 1499 546 1566 zodiacum
568 1503 700 1569 divisum
722 1507 769 1571 vel
793 1508 971 1576 distinctum
996 1516 1143 1600 videmus,
1165 1535 1197 1591 et
1214 1531 1254 1596 ab

79 1602 144 1646 uno
165 1582 253 1666 signo
275 1583 414 1667 quolibet
434 1586 552 1651 ordinis
572 1588 640 1653 eius
661 1611 819 1658 sumamus
842 1596 1012 1664 exordium.
1063 1604 1142 1672 Cum
1162 1615 1284 1684 Aries8

80 1667 234 1744 exoritur,
273 1677 345 1752 post
370 1669 471 1755 ipsum
500 1673 622 1738 Taurus
648 1678 793 1762 emergit:
836 1679 918 1746 huno
945 1683 1068 1752 Gemini
1098 1707 1252 1782 secuntur,

80 1752 137 1816 bos
159 1752 292 1829 Cancer,
329 1761 361 1816 et
383 1775 438 1839 per
463 1755 603 1822 ordinem
626 1761 754 1846 reliqua.
803 1764 834 1828 Si
858 1765 933 1832 istae
956 1789 1029 1855 ergo
1055 1774 1087 1839 in
1113 1783 1252 1852 occiden-

78 1845 143 1902 tem
165 1837 204 1900 ab
227 1838 347 1901 oriente
365 1840 575 1922 procederent,
599 1866 660 1908 non
683 1847 722 1910 ab
740 1848 847 1914 Ariete
868 1851 899 1914 in
923 1855 1068 1937 Taurum,
1091 1865 1144 1948 qui
1167 1879 1251 1938 retro

79 1923 198 1986 locatus
219 1929 284 1998 est,
309 1944 365 1986 neo
387 1945 404 1987 a
427 1927 531 1991 Tauro
553 1928 585 1992 in
606 1929 755 1998 Geminos
772 1934 893 2018 signum
915 1943 1068 2022 posterius
1092 1950 1251 2023 volveren-

78 2015 146 2084 tur,
183 2007 236 2071 sed
258 2029 275 2071 a
299 2007 438 2073 Geminis
463 2011 495 2074 in
517 2013 653 2079 Taurum
676 2023 743 2082 eta
767 2020 870 2085 Tauro
891 2021 921 2086 in
944 2027 1082 2095 Arietem
1109 2047 1191 2106 recta
1218 2052 1250 2110 et

78 2091 252 2158 mundanae
274 2094 476 2161 volubilitatis
498 2118 635 2174 consona
655 2104 828 2170 accessione
851 2108 1019 2192 prodirent
1068 2117 1149 2187 Cum
1176 2131 1280 2196 veroli

874 2261 959 2321 [Edd.
979 2264 1182 2339 vicabgspdub.

77 2334 135 2384 dem
153 2333 266 2384 statione
287 2350 423 2400 utinquam
447 2333 480 2385 F.
531 2337 673 2388 abeodem
696 2341 810 2392 statione
831 2361 892 2394 uon
915 2346 944 2398 G.
972 2377 999 2388 ·-
1025 2355 1072 2404 sed
1089 2359 1118 2407 si
1139 2361 1193 2414 Hl.
1217 2391 1250 2406 ·-
1295 2354 1306 2378 '

76 2401 179 2452 bisdem
198 2400 310 2451 csttro
329 2403 485 2465 (litteraso
503 2403 545 2466 b).
586 2404 635 2453 liis
653 2406 754 2473 (supra
773 2409 880 2474 scripto
901 2414 973 2480 dem)
991 2416 1023 2470 F.
1064 2423 1171 2477 eisdem
1188 2446 1250 2496 mg,

76 2469 176 2519 iisdem
198 2470 317 2519 s-blissst.
341 2497 376 2507 -
394 2471 534 2538 virgiliae
551 2469 574 2518 G
591 2470 632 2529 (G
649 2489 710 2537 sup.
729 2491 783 2524 ser.
803 2481 839 2534 e).
862 2503 895 2516 -
917 2498 1042 2548 umquam
1066 2493 1133 2548 (om.
1154 2501 1194 2555 se)
1217 2499 1249 2552 pu·

76 2563 111 2573 ..
137 2553 184 2586 uec
208 2537 299 2587 iader
320 2534 350 2583 G.
382 2563 409 2572 -
439 2538 652 2601 septemtrionem
675 2557 799 2607 quoque
821 2543 896 2594 i-bS.
926 2574 954 2584 -
987 2567 1116 2624 compago
1139 2563 1250 2618 soluitur

77 2610 153 2670 (sup.
169 2603 232 2652 add.
247 2607 315 2660 non)
334 2601 364 2650 F.
385 2629 418 2639 -
435 2619 488 2652 nors
506 2604 636 2654 immutat
654 2604 684 2654 C.
855 2615 880 2660 6,
916 2613 1004 2668 Hm
1021 2637 1083 2674 „m
1101 2625 1134 2676 G·
1169 2632 1250 2686 hm

76 2679 145 2733 (orn.
162 2675 237 2728 uero)
257 2671 308 2718 [lt.
326 2695 360 2729 ,-
377 2670 452 2719 uisae
467 2677 529 2720 sunt
544 2671 624 2719 simul
647 2671 701 2722 via.
737 2676 836 2726 semel
853 2679 927 2731 uisae
947 2693 1009 2737 suut
1026 2687 1055 2739 Ο.
1091 2705 1153 2749 sunt
1169 2702 1249 2754 simul

76 2738 252 2799 (enutrisse)
275 2737 309 2786 G.
343 2737 419 2786 visae
436 2745 497 2788 sunt
514 2736 584 2796 (del.
605 2738 697 2797 simul)
720 2741 772 2791 Hl.
796 2771 831 2781 -
857 2763 874 2796 a
896 2765 924 2799 se
941 2755 1010 2810 (orn.
1028 2763 1065 2817 es)
1089 2759 1142 2814 cp·¹
1163 2795 1191 2806 ,
1214 2771 1249 2822 in

76 2805 149 2857 eaelo
169 2804 219 2852 Rl.
237 2829 269 2840 -
287 2804 498 2870 approbantur.
519 2806 629 2856 Constat
643 2807 729 2874 igitur
747 2809 799 2859 112.
814 2837 849 2850 -
866 2831 933 2868 usus
950 2823 1071 2885 affirmat
1086 2845 1110 2880 v.

74 2881 101 2924 ’1.
136 2871 310 2921 adorassem
329 2870 470 2921 CFR2Gv.
505 2874 538 2922 irs
555 2890 674 2924 occasum
693 2875 872 2931 stri-asnar.
895 2910 920 2922 -
941 2887 1126 2950 iuaoutrario
1143 2899 1193 2954 lll.
1216 2933 1244 2944 -

80 2938 280 2992 Consideremus
296 2955 361 3006 ergo
376 2938 574 2990 usonem.
610 2943 801 2996 consideremus
819 2947 888 3008 (orn.
908 2955 987 3022 ergo)
1011 2959 1061 3011 Rp·
1097 2971 1246 3023 cmmem-

75 3023 135 3058 mue
152 3008 233 3057 enim
251 3006 459 3057 carbonem.
482 3035 515 3045 -
537 3009 672 3077 signorum
691 3011 761 3062 Μαι.
782 3014 913 3068 v-ale2
930 3023 1054 3092 „Angl.“
1089 3035 1248 3094 „Rectissi-

75 3075 153 3125 me
177 3075 262 3126 zeun.
298 3076 485 3143 singulorum
507 3076 567 3126 b-z.
603 3076 719 3141 „Nonne
741 3097 786 3131 res
807 3081 869 3148 ipsa
892 3089 979 3140 scribi
1001 3101 1246 3174 postulotsigua-

74 3159 132 3193 sum
154 3141 292 3194 ordinem?
325 3143 395 3194 Nam
414 3150 442 3193 et
460 3144 588 3209 sequitur
604 3146 736 3198 continuo
753 3156 778 3200 et
797 3151 830 3200 ab
848 3169 901 3204 uno
923 3158 1021 3226 siguo
1040 3168 1154 3232 pagum
1171 3177 1247 3228 cto.“

65 3211 152 3261 'Pont
181 3239 204 3247 -
232 3211 378 3278 quodlibet
400 3228 425 3262 v.
449 3237 481 3250 -
506 3215 563 3264 eius
585 3215 687 3264 ordinis
709 3232 843 3268 sumamus
861 3222 992 3277 initium
1015 3230 1065 3283 Rt,
1218 3247 1244 3294 g,

72 3285 132 3344 post
154 3277 236 3329 burso
257 3287 351 3330 taurus
369 3281 489 3348 emergit.
514 3281 619 3346 ipsum
642 3283 745 3349 gemini
769 3285 820 3335 Ra.
844 3315 872 3324 -
897 3291 1079 3360 insequuntur
1102 3307 1190 3372 v-gG.
1211 3335 1245 3348 .-

72 3346 177 3412 relipua
197 3347 297 3414 signa
320 3348 377 3397 s-lr.
401 3375 436 3388 --
458 3349 508 3399 isli
531 3347 561 3399 0.
588 3376 615 3384 -
641 3350 674 3398 ab
692 3351 791 3402 oriente
809 3353 837 3402 in
859 3358 1017 3412 occidentem
1042 3367 1114 3419 CRl.
1140 3400 1166 3409 -
1192 3393 1245 3427 mm

73 3415 158 3466 ariete
176 3420 244 3472 (om.
265 3415 313 3474 ab)
337 3415 388 3465 ttr.
411 3443 445 3452 -
466 3417 513 3466 sed
532 3417 648 3482 potius
666 3434 683 3465 a
700 3420 815 3485 geminis
836 3435 861 3500 v.
883 3450 916 3460 -
939 3444 956 3476 a
974 3436 1050 3483 tauro
1068 3441 1138 3494 (om.
1156 3446 1194 3500 ιι)
1212 3443 1244 3495 F,

72 3482 225 3534 mundanae
242 3487 312 3542 [om.
330 3488 368 3542 et)
388 3482 418 3532 (3.
445 3511 471 3520 -
498 3484 667 3535 volubilitati
689 3486 706 3534 b
730 3502 763 3536 es
784 3503 857 3540 cons.
875 3489 987 3558 Zeunii,
1020 3500 1068 3564 qui
1085 3505 1244 3563 adnotavltr

72 3547 182 3611 „Castus
205 3549 280 3600 enirn
303 3550 352 3600 bie
376 3567 428 3600 noo
452 3566 468 3600 a
491 3550 667 3602 substantivo
693 3554 742 3603 sed
767 3554 907 3608 adiectivo
928 3579 1042 3618 causaue
1062 3574 1176 3644 pandet,
1212 3584 1244 3633 ut

72 3617 155 3682 paolo
178 3617 252 3669 inira
274 3618 298 3684 [b
319 3618 371 3684 lta]
394 3619 547 3670 masadauue
564 3619 731 3673 volubilitati
755 3625 890 3678 contraria
906 3633 1056 3688 recessione.

105 3773 130 3818 7.
167 3770 348 3835 resolvantur]
381 3770 449 3839 ie.
475 3776 551 3821 retro
571 3773 632 3824 vol·
682 3774 856 3828 substantivo
892 3784 919 3831 et
950 3786 1035 3839 verbo
1070 3795 1243 3861 compositae

70 3842 182 3888 vantur.
218 3838 299 3890 conl.
326 3838 340 3903 b
368 3841 393 3888 4.
422 3842 554 3890 contrario
582 3858 630 3892 re·
681 3857 734 3892 non
754 3843 883 3911 iungitur·
901 3850 1012 3905 dativus
1031 3873 1127 3923 casas,
1160 3879 1242 3927 quem

70 3919 172 3956 cassu,
682 3919 841 3976 exspectes,
877 3917 925 3992 ped
960 3923 1104 3987 genitivus
1135 3930 1242 3982 arctius

103 3976 128 4022 8.
163 3973 439 4024 rectaetmundauae
456 3974 631 4026 volubilitatis
681 3977 793 4042 qrridem
826 3999 888 4034 cum
922 3989 1098 4044 substantivo
1127 3997 1243 4048 coniun-

69 4057 184 4092 consona
220 4040 377 4108 accessione]
411 4041 515 4092 Fateor
547 4045 632 4095 valde
681 4046 803 4111 gendos,
837 4052 885 4101 sod
918 4055 953 4104 ad
981 4058 1187 4114 substantivum
1214 4069 1243 4118 et

69 4107 245 4174 probabilem
265 4126 327 4160 esse
351 4108 541 4161 coniecturam
559 4111 631 4162 Zea·
680 4114 797 4166 verbam
816 4116 901 4169 simul
921 4123 1085 4178 referendas
1105 4129 1156 4188 (cl.
1174 4131 1242 4183 Rel-

68 4175 109 4225 nii
127 4178 303 4235 volubilitati,
332 4177 438 4226 collata
462 4179 629 4242 praesertim
680 4179 736 4246 sig.
755 4182 773 4232 l.
792 4200 814 4233 c.
833 4187 922 4250 aaa),
958 4205 975 4240 a
993 4194 1078 4245 verbo
1097 4199 1243 4253 transtulit

67 4241 155 4293 huius
178 4245 281 4309 capitis
303 4244 366 4295 line.
406 4243 461 4295 Sed
486 4253 577 4297 tamen
600 4246 629 4298 in
680 4247 715 4297 stl
735 4249 920 4317 adiectivum,
949 4260 1240 4324 utprodatlvoeum

69 4310 193 4360 oninium
205 4312 343 4364 librarum
357 4312 486 4378 vestigiis
498 4313 629 4364 insistcn-
680 4313 822 4368 adlectivo
835 4319 1031 4388 coniungendo
1050 4332 1174 4394 posuerit
1192 4352 1242 4401 go-

69 4375 136 4425 dnm
160 4393 221 4429 asso
245 4379 351 4446 putavi.
387 4379 462 4444 Quid
484 4381 574 4444 onim,
603 4381 628 4432 si
681 4381 799 4436 nltivum
824 4386 857 4436 ad
882 4389 1088 4448 substantivum
1113 4403 1141 4450 el
1163 4403 1242 4456 adle-

67 4442 232 4496 Mnerobias
249 4447 424 4500 attractionis
442 4449 513 4499 illud
528 4465 629 4516 genus,
680 4449 784 4503 stivam
811 4451 896 4510 simol
922 4459 1131 4517 relsrsndamb'
1158 4469 1242 4524 Certe

67 4510 144 4580 quod
165 4516 223 4578 est,
252 4513 301 4567 nbi
322 4514 435 4568 dicendi
455 4516 630 4570 formulare
679 4521 807 4574 ascmslo
856 4527 1013 4584 mandanae
1066 4536 1241 4594 volubilitati
