2950 4992
212 84 275 151 tes
693 78 903 147 MAGB⁰B11

212 274 279 321 rern
299 270 396 317 sonae
417 269 491 316 suae
513 248 652 315 incolunt
671 256 806 335 partem,
841 247 1000 315 interiecta
1025 250 1153 317 australi
1176 250 1276 337 gelida
1299 274 1398 339 sepa-

212 346 337 405 rantur:
357 356 465 403 rursus
484 334 553 400 iilos
572 334 612 399 ab
632 335 769 401 antoecis
791 336 864 411 suis,
887 335 917 400 id
936 343 984 401 est
1001 356 1056 421 per
1082 338 1181 403 nostri
1203 339 1318 423 cinguli
1341 340 1397 404 in·

214 425 326 491 teriora
344 420 538 498 virentibus,
559 419 732 486 interiectio
751 418 887 486 ardentis
908 431 1097 507 sequestrat:
1136 432 1168 488 et
1189 424 1232 488 itti
1255 445 1273 489 a
1298 426 1396 491 nobis

164 505 463 597 direptentrionatis
484 505 687 571 extremitatis
707 506 809 591 rigore
831 516 1039 573 removentur.
1093 509 1137 574 Et
1158 510 1230 594 quia
1255 532 1318 575 nen
1341 520 1397 575 est

214 615 277 663 una
299 592 439 658 omnium
460 590 561 656 affinis
581 591 789 670 continuatio,
824 592 876 658 sed
907 592 1084 658 interiectae
1106 603 1178 659 sunt
1205 595 1396 661 solitudines

216 702 256 746 ax
276 678 377 744 calore
395 677 444 742 vei
463 676 576 763 frigore
596 684 739 743 mutuum
763 676 946 763 negantibus
968 687 1188 744 commeatum:
1210 680 1265 745 bas
1286 692 1396 747 terrae

257 773 319 830 rtes
348 784 428 848 quse
449 783 466 827 a
489 770 637 847 quattuor
666 761 827 829 bominum
856 764 1022 847 generibus
1050 764 1225 829 incoluntur
1252 768 1397 833 mundas

166 852 209 920 85
239 847 443 917 abitationum
461 846 591 913 vocarit
634 846 903 927 Quemadmodum
927 857 1032 914 autem
1052 851 1147 915 ceteri
1166 870 1270 915 omnes
1291 852 1397 916 vesti-

217 934 306 1020 stigia
328 954 383 998 sua
404 931 498 1016 figere
516 932 556 998 ad
576 940 681 998 nostra
701 931 882 1012 credantur,
904 934 969 1020 ipse
991 935 1146 1000 distinxit:
1184 944 1216 999 et
1236 936 1397 1002 australes

168 1018 367 1109 [raapquidem
394 1025 500 1082 aerte
524 1018 735 1105 pronuntiarit
761 1018 901 1085 cdosrm
925 1027 1006 1087 stare
1026 1020 1115 1085 nobis
1134 1020 1280 1086 dicendo:
1313 1042 1395 1109 qno·

216 1126 288 1171 nan
306 1114 391 1168 enan
421 1103 530 1179 cisiis,
557 1105 592 1168 in
612 1124 670 1190 pao
690 1105 746 1192 qni
764 1106 906 1171 insistunt
926 1105 1053 1170 cdumsc
1072 1107 1154 1171 uchri
1174 1118 1282 1193 arpent
1300 1110 1394 1171 nesti-

218 1192 287 1279 ps‘c:
306 1188 426 1253 etideo
444 1188 565 1254 adcon
582 1188 672 1254 nobis
688 1196 771 1265 sunt,
792 1189 864 1274 quia
886 1188 917 1255 in
937 1198 1023 1276 parte
1045 1191 1193 1277 sphaerae
1215 1212 1294 1277 quae
1313 1213 1393 1257 con-

168 1273 266 1342 dbtra
284 1294 342 1339 nos
356 1282 405 1339 est
423 1282 592 1339 morantur.
635 1275 744 1339 Restat
764 1274 933 1360 requirere,
954 1296 1032 1361 quos
1053 1288 1237 1342 transversos
1257 1285 1289 1341 et
1307 1298 1393 1362 quos

218 1362 350 1459 obliquos
377 1358 466 1425 nobis
493 1368 574 1424 stare
601 1359 834 1425 memoraverit:
872 1360 927 1425 sed
950 1380 1010 1426 nec
1028 1361 1066 1426 de
1092 1362 1167 1447 ipsis
1191 1370 1293 1447 potest
1319 1382 1393 1427 esse

218 1445 385 1523 dubitatio,
417 1445 492 1530 quin
519 1456 703 1511 nnmccrscs
730 1444 820 1510 nobis
843 1452 925 1511 stare
951 1446 1063 1511 dixerit
1089 1445 1265 1511 inferiorem
1291 1467 1392 1512 zonae

219 1526 344 1598 nostrae
368 1539 487 1615 partem
508 1537 664 1609 tenentes,
701 1530 833 1617 obliquos
854 1550 928 1597 vero
954 1552 1008 1597 eos
1033 1532 1086 1617 qui
1109 1530 1251 1600 australis
1273 1532 1391 1617 cinguli

218 1616 335 1684 devexa
353 1615 453 1681 sortiti
474 1623 556 1682 sunt.

303 1700 357 1767 VI.
400 1700 556 1786 Superest
576 1709 613 1765 nt
634 1700 672 1765 de
692 1709 793 1765 terrae
816 1698 912 1786 ipsius
933 1700 1048 1787 spatiis,
1071 1709 1184 1786 quanta
1204 1700 1392 1772 habitationi

219 1785 377 1863 cesserint,
399 1794 514 1871 quanta
536 1786 598 1853 sint
619 1786 744 1862 inculta,
765 1782 943 1863 referamus,
965 1786 996 1851 id
1020 1793 1068 1852 est
1090 1807 1168 1873 quae
1189 1788 1229 1852 sit
1250 1788 1391 1873 singido-

219 1892 289 1936 rum
311 1870 462 1935 dimensio
481 1870 684 1956 cingulorum.
726 1870 820 1949 Quod
840 1878 877 1936 ut
901 1870 989 1937 iaeiie
1013 1872 1168 1951 dinoscas,
1194 1872 1392 1938 redeundum

218 1955 276 2021 tibi
297 1963 346 2020 est
367 1954 406 2019 ad
424 1956 509 2020 orbis
529 1964 630 2021 terrae
649 1956 887 2042 descriptionem
916 1978 1009 2043 quam
1037 1959 1129 2044 paulo
1155 1966 1226 2023 ante
1256 1958 1391 2025 subieci·

218 2062 304 2118 mus,
324 2046 361 2105 ut
382 2060 436 2138 per
455 2041 655 2191 ascriptarum
674 2042 833 2131 literarum
856 2051 944 2107 notas
965 2043 1043 2123 ratio
1062 2043 1287 2108 dimensionum
1310 2043 1391 2109 iuci-

189 2126 289 2205 2dius
308 2123 487 2210 expiscetur.
562 2127 642 2192 m'nis
663 2134 765 2192 terrae
790 2126 891 2205 orbis,
918 2128 947 2192 id
970 2138 1017 2192 est
1034 2127 1166 2192 circulus
1189 2128 1242 2212 qui
1262 2128 1391 2194 univer-

218 2233 287 2278 sum
310 2210 458 2276 ambitum
480 2210 606 2287 claudit,
625 2212 675 2278 cui
697 2211 827 2297 ascripta
850 2222 922 2277 sunt
941 2211 1079 2287 ΑΒΜ),
1105 2212 1144 2275 ab
1165 2211 1213 2275 bis
1234 2214 1288 2296 qui
1311 2234 1388 2279 eum

191 2297 338 2364 {tratione
360 2296 491 2362 dimensi
511 2305 584 2362 sunt
605 2297 636 2363 in
659 2297 817 2383 sexaginta
838 2297 951 2363 divisus
969 2303 1016 2361 est
1037 2302 1146 2382 partes.
1204 2296 1306 2361 Habet
1329 2317 1390 2363 au-

246 2432 250 2437 ’
284 2468 355 2519 ιι...
376 2464 604 2530 recusemus]

215 2566 300 2604 socos
316 2549 362 2603 BS
378 2552 432 2613 (Rl
453 2568 524 2603 corr.
541 2551 570 2602 ἰιι
588 2557 647 2613 osc)
666 2552 700 2603 G.
734 2551 875 2604 cnticbos
897 2550 928 2602 0.
962 2550 1094 2604 cntiktos
1111 2547 1143 2599 F.
1165 2576 1198 2587 -
1221 2555 1323 2616 postam
1338 2548 1387 2599 in·

217 2619 307 2671 soient
323 2618 356 2669 F.
403 2627 508 2685 pnrtsns
529 2625 605 2687 (sup.
628 2620 692 2673 add.
712 2619 845 2679 meulent)
867 2619 918 2669 Ru.
948 2646 983 2657 --
1012 2618 1126 2670 antoecis
1145 2616 1229 2667 Gau:
1272 2616 1389 2669 cotecis

217 2690 354 2751 (supas)
376 2686 426 2737 111.
465 2686 632 2740 nntskisO.
672 2687 794 2739 cntos'cis
811 2686 843 2737 Β.
882 2688 1011 2739 antennis
1031 2686 1053 2737 1.
1088 2684 1299 2737 cntoeicisli2.
1334 2699 1388 2733 nn-

218 2752 314 2805 ticisis
330 2750 361 2803 c.
399 2754 526 2807 nntiktis
548 2752 580 2805 F.
620 2747 759 2814 ἀντοικοῖς
781 2752 887 2805 h-nsr’.
929 2746 1087 2813 ἅντοιιικοις
1108 2769 1133 2804 ιι.
1173 2746 1326 2811 dormissem
1348 2750 1387 2801 ic.

217 2846 252 2857 -
270 2820 622 2888 percingnttmnrtmm.
641 2822 740 2880 idest)
765 2820 799 2873 B.
951 2823 994 2871 34.
1030 2828 1055 2873 ct
1077 2826 1151 2887 (sup.
1174 2824 1219 2879 es)
1242 2820 1328 2872 catara
1351 2818 1385 2869 F.

216 2914 252 2925 -
269 2894 393 2953 quattuor
406 2889 547 2956 generibus
565 2890 699 2940 bominum
715 2895 784 2949 (om.
803 2892 834 2948 ιι)
853 2886 927 2939 (1111.
976 2905 993 2939 n
1011 2896 1137 2955 quattuor
1153 2888 1285 2939 boninum
1303 2903 1387 2955 gene-

217 2954 334 3007 ralibus
350 2954 382 3005 P.
534 2958 576 3007 as.
603 2959 694 3024 figere
710 2973 767 3027 pm.
785 2956 836 3007 Bi.
854 2984 889 2993 —
913 2957 950 3007 nd
968 2964 1060 3008 nostra
1078 2972 1132 3007 om.
1150 2954 1185 3005 Β.
1205 2980 1237 2993 -
1260 2955 1387 3007 adversos

216 3022 291 3074 nobis
307 3030 379 3075 stare
396 3020 449 3073 CF.
483 3022 607 3074 aduersos
623 3032 694 3075 stnrc
710 3041 728 3076 a
745 3024 820 3076 nobis
835 3023 865 3075 P.
883 3051 916 3061 -
934 3024 1044 3077 dicendo
1061 3039 1115 3077 om.
1136 3021 1209 3072 CRl.
1230 3046 1263 3061 ·-
1279 3022 1325 3089 qni
1341 3022 1387 3073 in·

216 3096 293 3145 sunt
309 3104 335 3141 v.
366 3116 395 3127 ·-
425 3090 539 3143 adverso
556 3091 629 3143 cobis
648 3090 736 3153 FGO:
768 3092 805 3143 ci.
826 3092 838 3157 5
857 3095 882 3145 3.
901 3099 930 3143 ct
948 3090 1042 3143 Somn.
1058 3095 1085 3155 6,
1101 3093 1126 3141 3.
1178 3089 1387 3142 adversanobis

215 3154 486 3208 uunucsrrtrsul.
514 3186 548 3196 -
573 3160 690 3227 vestigio
705 3166 804 3229 urgent
825 3158 855 3211 S.
1006 3161 1049 3208 ³6.
1084 3164 1109 3209 et
1127 3163 1196 3217 (om.
1216 3161 1293 3223 quos)
1309 3156 1387 3207 nobis

216 3224 334 3292 obliquos
350 3231 420 3277 stare
437 3225 488 3276 Bi.
522 3233 548 3278 st
564 3242 629 3294 puna
643 3227 762 3295 obliquos
780 3234 851 3279 sture
869 3225 944 3277 nobis
959 3224 993 3277 G.
1010 3250 1044 3265 -
1060 3226 1234 3276 memoravit
1252 3230 1327 3289 (sup.
1344 3224 1383 3274 nl.

217 3293 316 3410 ὅυοιίί)
331 3290 372 3414 3}
381 3319 427 3411 -B
433 3301 597 3347 troarnenses
610 3302 680 3348 stcss
697 3295 772 3349 nobis
786 3292 890 3347 urar.
908 3322 942 3333 -
957 3300 1063 3345 nostrae
1078 3308 1161 3344 sonos
1178 3290 1209 3343 F.
1230 3318 1258 3331 -
1277 3292 1386 3344 circuti

241 3378 330 3412 ο.““Ι
378 3380 388 3412 ⁸
430 3397 437 3412 a

283 3428 329 3479 Vi.
367 3431 454 3497 Caput
475 3429 520 3481 Vi.
556 3429 665 3495 Quanta
680 3437 768 3483 senae
784 3427 873 3495 spatio
888 3426 1047 3481 dubitationi
1064 3426 1198 3491 cesserint,
1222 3433 1324 3493 quanto
1340 3426 1385 3475 in·

216 3494 290 3545 coito
306 3496 368 3547 sint.
393 3496 474 3549 cb-b.
626 3500 650 3547 1.
686 3498 719 3548 ds
737 3497 833 3564 spatiis
849 3496 933 3563 ipsius
950 3502 1037 3547 tenne
1058 3492 1111 3545 CF.
1146 3495 1179 3545 de
1196 3501 1282 3547 terras
1298 3494 1385 3559 ipsius

215 3561 307 3627 spatii
325 3567 368 3612 st.
393 3588 427 3601 —
447 3565 584 3618 centwini
601 3564 639 3617 iit
660 3581 722 3632 sup.
741 3580 812 3625 cess:
831 3564 857 3615 G
874 3579 934 3629 sup.
953 3579 1002 3615 css.
1037 3561 1151 3613 cesserit
1169 3561 1221 3611 112.
1242 3589 1276 3601 —
1296 3578 1384 3628 won-

214 3634 309 3693 tnpue
326 3627 421 3695 i-gct.
446 3657 481 3669 -
504 3648 573 3698 qnos
590 3632 665 3691 (add.
685 3648 703 3684 ιι
720 3647 776 3683 sec.
794 3648 830 3683 m.
848 3631 898 3689 ait)
916 3630 966 3681 ssr.
987 3656 1021 3669 -
1043 3630 1219 3681 dinoscatur
1234 3626 1266 3680 F.
1289 3656 1322 3667 -
1345 3630 1383 3681 cd

215 3703 301 3746 terroe
318 3696 517 3761 descriptionem
534 3698 603 3750 orbis
621 3700 723 3750 111-
743 3699 826 3766 panio
843 3698 916 3764 ante]
936 3697 971 3749 ci.
988 3712 1014 3747 a.
1032 3702 1062 3758 ⁵,
1085 3697 1098 3762 5
1118 3698 1158 3747 13.
1177 3701 1205 3747 et
1220 3695 1268 3763 fig,
1286 3682 1331 3747 lif.
1347 3722 1383 3735 ·-

214 3779 263 3831 per
281 3769 360 3816 notas
380 3764 574 3831 adscriptorum
596 3766 745 3819 litterarum
766 3782 821 3820 s-s.
991 3768 1016 3817 1.
1051 3765 1080 3816 id
1102 3771 1140 3817 est
1163 3764 1303 3833 cingetur
1325 3762 1382 3815 Τιι.

248 3930 385 3985 interiecto
402 3929 518 3983 nostrati
533 3931 628 4001 gelido
645 3947 773 3999 amaron·
823 3947 895 3998 quae
913 3932 948 3982 de
965 3930 1077 3983 Oceano
1096 3927 1231 3983 disseruit
1248 3946 1272 3981 c.
1289 3932 1315 3993 9,
1332 3928 1345 3995 5
1362 3933 1382 3981 2

213 3998 268 4068 tarr]
290 3998 388 4052 Scrrno
407 3996 547 4069 procedit,
565 3999 589 4050 si
607 3998 772 4065 descriptio·
824 4016 883 4067 sqq.
918 3999 996 4053 Idem
1021 4000 1098 4052 vaiet
1125 3999 1159 4050 de
1184 3997 1380 4065 sequentibus:

213 4082 278 4118 nam
295 4057 590 4136 respicimua,ab1N
604 4068 639 4119 ad
658 4066 717 4131 Μ’,
735 4069 772 4119 ab
823 4068 866 4119 iili
888 4084 905 4118 c
923 4067 998 4121 nobis
1015 4102 1040 4118 ..
1056 4074 1230 4118 semoventur.

215 4134 322 4187 H'ad
341 4137 413 4199 ΕΚ,
442 4135 478 4187 ab
497 4134 558 4187 ΕΚ
574 4136 609 4188 ad
629 4134 707 4198 MG,
736 4134 771 4187 ab
856 4138 898 4185 ue.
935 4135 1179 4204 custroiiacingxsti
1195 4130 1307 4198 decess]
1324 4130 1378 4183 be.

215 4200 278 4252 116
296 4205 330 4255 ad
350 4205 366 4256 1
371 4204 404 4257 N.
440 4202 495 4256 Sed
514 4203 539 4254 si
561 4202 625 4271 quis
642 4202 773 4270 quaesie-
821 4202 956 4255 australis
973 4216 1062 4255 sonae
1076 4212 1184 4269 partem
1197 4199 1380 4267 superiorem,

211 4266 267 4329 rit,
300 4287 352 4321 eur
372 4272 491 4325 eundem
512 4270 656 4340 cingulum
675 4271 705 4323 in
721 4272 772 4323 ad·
821 4268 850 4322 in
862 4274 957 4321 nostro
965 4270 1177 4335 hemisphaerio
1187 4269 1281 4321 sitam.
1300 4268 1381 4319 Hanc

210 4333 302 4386 rents
331 4342 423 4390 tarrae
452 4340 581 4405 partibus
609 4338 772 4391 habitantes
821 4336 870 4403 qui
901 4336 997 4388 sortiti
1033 4343 1111 4402 sunt,
1151 4342 1216 4390 aunt
1248 4328 1379 4401 ἄποικοι,

211 4395 253 4446 11·
274 4412 291 4455 a
313 4419 345 4454 ss
366 4410 512 4471 separatos
531 4421 594 4457 esse
615 4405 693 4459 dicat
710 4406 770 4457 bia·
821 4402 976 4455 transversi
998 4402 1045 4455 iiii
1072 4408 1137 4457 adnt
1157 4402 1298 4471 περίοικοι.
1333 4402 1378 4454 Gi.

212 4462 338 4529 crobins,
369 4468 394 4521 is
417 4465 592 4539 detegendas
614 4477 657 4524 sat
677 4472 714 4525 ad
735 4486 771 4525 ea
820 4468 931 4522 flamia.
948 4470 968 4521 1.
987 4484 1011 4520 e.
