2950 4992
248 176 313 249 288
632 174 805 246 lucum
825 168 1039 245 luciolus

250 352 342 405 aar·
362 349 458 401 veura
480 342 599 413 ριιιιιιι
619 349 780 413 ,nisenus
807 348 895 401 aetra
922 350 973 401 ra
994 350 1091 401 uana
1116 349 1145 403 ιιι
1159 324 1274 401 'arur
1299 348 1435 412 synam

249 436 432 498 commutata,
450 440 539 486 amata
555 432 697 497 armamini,
715 438 818 485 moade
832 434 989 498 monemiai,
1006 434 1100 486 audite
1117 432 1267 496 audimini,
1289 433 1387 502 legite
1401 435 1433 483 ic-

249 518 365 589 pentat:
407 517 505 573 'rectia
524 518 642 582 pluralis
665 530 701 569 er
722 517 808 571 bertin
828 518 924 569 veniet
944 518 1047 581 plurali
1072 518 1232 582 praesentis
1259 518 1364 568 activi
1393 519 1434 568 b'll

250 604 486 669 additasyllaba,
517 608 606 654 aratri
619 608 755 665 amentur,
784 604 914 655 mmm(
922 609 1095 664 mutantur,
1123 601 1217 670 tegant
1233 602 1389 669 legantur.
1406 631 1432 639 —

200 692 233 740 17
251 690 348 739 Amara
366 694 482 751 ametur,
511 685 928 748 amicorumainicorum
958 702 1064 738 monere
1083 693 1236 750 monemur,
1273 702 1433 737 moneamur

249 771 389 823 noacmiui
411 777 579 833 moneantarp
605 770 700 831 audire
717 802 759 821 ...
777 771 909 823 audimini
931 771 1094 832 audianturr
1122 770 1211 839 tegere
1233 804 1282 822 ...
1307 771 1433 840 legimini

251 856 387 925 legantur.

201 941 234 991 18
497 940 569 1000 (il.)
605 942 646 991 lle
664 940 760 992 tuturo
778 940 894 1005 passivo
912 939 986 991 modi
1003 938 1169 1003 imperativi.

319 1024 405 1075 Omne
424 1024 544 1075 iuturum
569 1030 676 1088 tempas
701 1026 845 1089 passivum
862 1026 936 1076 modi
952 1024 1110 1087 imperativi
1128 1036 1166 1074 ex
1187 1036 1241 1074 sao
1262 1018 1321 1074 fiet
1339 1024 1427 1074 activo

250 1108 344 1160 addita
364 1108 510 1176 iilittera,
526 1112 558 1159 ui
575 1116 664 1161 amato
682 1117 799 1172 amator,
822 1116 924 1161 maneto
940 1116 1070 1171 arnamar,
1088 1108 1182 1159 audita
1199 1106 1335 1170 auditor,
1355 1109 1426 1177 legito

200 1190 378 1261 [ibtchgitor.
413 1193 510 1259 Tertia
527 1198 577 1245 aut
594 1196 689 1245 eadem
707 1195 764 1245 erit
778 1207 851 1258 puae
868 1193 1041 1257 praesentis,
1061 1199 1166 1244 ametur
1183 1198 1337 1243 moneatur
1356 1194 1424 1243 audi·

251 1282 314 1328 atur
328 1276 452 1344 tegatur,
483 1281 533 1330 aut
549 1291 606 1351 una
624 1280 776 1341 eademque
795 1292 867 1329 uoce
884 1291 940 1342 qua
957 1278 1082 1329 secunda
1103 1276 1270 1340 proicietur
1288 1277 1342 1327 sic
1361 1284 1392 1328 ut
1405 1279 1425 1327 ir

199 1362 233 1411 19
250 1360 345 1411 activo
362 1362 469 1427 tuturo,
483 1368 588 1413 amator
605 1370 718 1427 amator,
738 1372 856 1414 monam
867 1368 992 1424 mmmm,
1010 1367 1040 1411 et
1057 1361 1176 1424 reliqua.
1211 1364 1358 1413 secunda
1376 1365 1424 1425 plu·

226 1444 318 1516 ‘ralia
343 1444 467 1497 eiusdem
489 1445 623 1509 temporis
649 1460 685 1497 ex
711 1440 838 1498 sebunda
857 1447 1022 1497 formabitur
1046 1445 1133 1496 activi
1155 1440 1261 1506 plura‘ll
1290 1448 1422 1510 temporis

249 1529 372 1580 elumen
400 1530 502 1581 ΤΟΤΕ
524 1532 643 1594 syllabis
665 1531 692 1581 in
719 1531 847 1583 llllvolt
871 1531 1036 1597 conversis,
1069 1535 1101 1582 ut
1121 1532 1238 1580 amatote
1265 1534 1421 1595 amaminor,

249 1620 378 1665 monetote
394 1614 567 1680 moncminor,
585 1615 703 1667 auditote
720 1615 885 1677 audiminor,
904 1614 1014 1689 legitote
1031 1613 1179 1683 iegiminar.
1212 1614 1321 1666 Tertia
1338 1620 1423 1679 plura-

249 1697 286 1748 lis
309 1697 432 1750 eiusdem
453 1698 586 1761 temporis
610 1706 661 1750 aut
681 1700 777 1751 eadem
799 1700 855 1751 erit
876 1712 948 1763 quae
969 1698 1128 1762 praeacutis
1146 1698 1196 1748 aut
1212 1712 1249 1748 ex
1268 1702 1365 1751 tertia
1383 1714 1422 1751 re-

248 1782 308 1833 alet
325 1783 420 1833 activa
439 1784 545 1835 numeri
563 1784 685 1837 eiusdem
706 1789 734 1835 et
757 1785 891 1847 temporis
914 1785 1008 1835 addita
1031 1784 1059 1834 in
1077 1783 1173 1833 ultimo
1202 1781 1226 1833 ll
1250 1783 1371 1853 littera,
1398 1790 1421 1836 ut

248 1873 358 1918 amanto
376 1875 507 1930 amantor,
525 1868 633 1921 docenio
650 1870 781 1933 docentor,
797 1869 929 1920 audiunto
946 1869 1099 1931 audiuntur,
1113 1867 1223 1936 legunto
1241 1866 1384 1936 leguntur.
1398 1898 1420 1907 -

198 1950 233 1998 20
251 1950 362 2000 Amator
378 1957 483 2001 amator
500 1952 677 2014 vulacretur,
701 1954 850 2004 amaminor
865 1960 986 2003 amentur
1004 1955 1049 2003 vei
1065 1958 1203 2011 amantorr
1228 1961 1357 2005 monetur
1373 1973 1419 2005 mo·

248 2033 386 2082 ncioraei
400 2040 538 2085 moneatur
553 2040 622 2099 σιω
653 2037 760 2087 auditor
775 2038 885 2089 auditor
901 2038 946 2087 vel
964 2036 1093 2089 audiatur
1109 2039 1179 2100 θεας
1207 2036 1313 2104 legitor
1330 2038 1419 2108 legitor

250 2116 297 2167 vel
319 2114 426 2184 legatur
506 2117 634 2187 legantur
650 2121 695 2171 vel
713 2115 846 2188 leguntur.

570 2204 618 2255 lv.
653 2205 723 2265 (ti.)
743 2207 789 2256 lle
808 2202 973 2269 eptatico
990 2208 1099 2258 modo.

217 2286 231 2335 1
317 2285 349 2338 lu
367 2286 433 2338 boc
454 2286 537 2338 etiem
560 2290 657 2340 modo
678 2290 832 2351 communis
851 2292 969 2348 Graecis
988 2292 1153 2355 [laticisque
1178 2290 1346 2353 quaestio
1371 2306 1418 2343 er-

251 2372 392 2438 artabat,
425 2372 454 2423 si
472 2374 1211 2459 praeteritumtempugunssitadmittere,
1240 2373 1417 2435 quianullus

249 2464 377 2517 umquam
396 2470 466 2519 quae
484 2458 538 2509 iam
556 2460 632 2510 iacta
649 2459 705 2511 aiat
723 2466 835 2525 sperat,
860 2476 922 2513 cum
938 2462 1044 2513 inlecta
1060 2456 1123 2511 fieri
1142 2456 1336 2522 nonpossint,
1363 2460 1416 2508 sed

248 2537 277 2588 iu
299 2543 504 2603 praesensve!
526 2542 697 2595 infuturum
722 2545 827 2609 aliquid
852 2552 973 2608 optetur.
1009 2546 1064 2597 sed
1088 2549 1261 2595 transactura
1284 2556 1413 2607 quoquc

249 2626 382 2686 tempus
400 2626 536 2687 optanti
554 2630 798 2681 necessarium
816 2630 995 2692 adprobatur,
1013 2644 1075 2679 nam
1092 2641 1199 2690 saepe
1216 2639 1279 2677 cum
1298 2627 1335 2679 in
1350 2630 1410 2677 lor·

248 2707 396 2769 pinquis
417 2710 518 2771 aliquis
538 2712 707 2763 constitutus
729 2715 763 2764 de
779 2726 824 2779 re,
843 2728 923 2778 quam
941 2714 1096 2779 desiderat,
1112 2714 1239 2763 incertus
1258 2713 1316 2778 sit,
1335 2713 1404 2764 ratis

248 2792 340 2839 tamen
357 2792 497 2843 adiuvat
514 2770 668 2859 cupidinem
685 2811 778 2864 suam,
798 2804 830 2862 ut
845 2798 871 2849 id
888 2803 1020 2861 precetur
1035 2797 1221 2869 iamyeulsse
1236 2800 1315 2859 qaod
1335 2797 1403 2860 «cupit¹

248 2875 362 2936 utputa
381 2876 670 2947 navigantibussuis,
705 2882 730 2931 si
750 2888 902 2945 tempestas
924 2884 1010 2934 luerit
1031 2887 1147 2944 exorta,
1182 2881 1238 2931 diis
1257 2884 1407 2946 supplicam

249 2961 402 3025 exposcat,
437 2966 467 3015 ut
484 2976 591 3025 parcas
604 2972 654 3017 aut
671 2962 747 3017 iilius
767 2970 816 3026 aui
832 2972 973 3031 cognatus
990 2967 1117 3018 eraserit
1137 2966 1305 3018 discrimina
1324 2971 1411 3020 vento-

247 3054 307 3093 rura
326 3056 360 3094 ac
378 3044 431 3093 vira
449 3048 627 3108 superaverit
644 3051 841 3111 procellarum.

213 3125 230 3173 2
429 3128 504 3188 (tl.)
539 3131 580 3181 ue
597 3134 743 3194 praesenti
761 3128 886 3198 tempore
902 3135 998 3187 actico
1015 3132 1090 3185 modi
1106 3132 1234 3197 optativi.

317 3207 403 3259 Omne
430 3212 583 3274 optativum
608 3219 899 3283 praesenavldemrpuc
923 3220 1105 3282 inperfectum
1131 3218 1253 3269 activum
1275 3217 1303 3266 in
1327 3216 1416 3266 REM

247 3292 385 3362 syllabam
404 3296 506 3347 desinit
525 3300 618 3350 vocali
637 3302 847 3367 coniugatidnis
864 3316 934 3355 suae
950 3305 1151 3371 antecedente,
1174 3301 1316 3353 utitinam
1331 3314 1408 3348 ama-

246 3392 305 3427 rem·
318 3394 446 3431 monerem
464 3382 583 3433 audirem
601 3384 724 3453 legerem.
742 3380 848 3438 'cuiue
865 3388 896 3437 Μ
909 3388 1004 3439 littera
1020 3387 1048 3436 in
1067 3387 1088 3436 S
1104 3391 1273 3437 commutata
1286 3383 1416 3434 nascitur

246 3464 385 3527 secundm
419 3466 570 3529 cademque
588 3468 616 3518 in
640 3469 665 3518 Τ
679 3482 820 3523 conversa
835 3469 867 3522 iit
884 3472 982 3539 tertia,
1013 3485 1253 3522 amorcmamares
1271 3476 1378 3520 amaret
1393 3473 1419 3519 et

212 3544 229 3593 ³
246 3544 364 3607 reliqua.
398 3548 489 3601 Prima
507 3551 624 3613 pluralis
641 3566 678 3603 ex
693 3555 783 3617 prima
798 3556 926 3607 nascitur
942 3555 1082 3619 singulari
1096 3555 1209 3604 adlecta
1230 3553 1278 3603 tls
1297 3554 1420 3617 epilam,

246 3630 277 3677 ut
301 3644 416 3679 amarem
435 3647 585 3688 amaremur
608 3643 638 3688 et
651 3639 770 3703 reliqua.
803 3641 934 3691 Secunda
953 3640 1070 3702 pluralis
1087 3651 1125 3689 cx
1141 3638 1229 3701 prima
1249 3633 1302 3687 fiet
1320 3638 1423 3700 plurali

249 3709 332 3761 MUS
348 3712 441 3783 ultima
458 3715 486 3767 in
508 3716 569 3769 TIS
585 3723 723 3783 syllabam
742 3736 897 3791 conversa,
932 3728 964 3775 ui
986 3738 1136 3774 amaremur
1155 3722 1283 3772 amaretis
1309 3730 1342 3773 et
1359 3724 1423 3774 reli·

247 3808 310 3859 qua.
346 3798 442 3851 Tertia
464 3802 582 3864 pluralia
599 3818 635 3855 cx
657 3807 741 3857 terim
758 3808 888 3860 nascitur
910 3807 1049 3873 singulari
1068 3808 1095 3859 N
1108 3807 1205 3858 littera
1224 3809 1294 3856 ante
1317 3809 1346 3858 Τ
1361 3808 1424 3859 ulti-

246 3983 287 4032 16.
322 3983 367 4035 ‚lu
385 3986 479 4067 ultima
498 3990 528 4041 V.
552 4018 588 4033 -
610 4008 641 4044 ea
659 3995 737 4047 tertia
756 4000 784 4047 et
802 3996 829 4061 (i
848 3999 903 4056 17.)
921 3998 1020 4049 Amare
1099 4002 1221 4048 amentur
1242 4008 1339 4058 P⁸⁰¹¹⁹
1364 4012 1428 4048 Μ·

244 4057 420 4133 iuuerunt-ru
445 4056 499 4108 Ma.
653 4064 695 4113 lt.
721 4065 892 4121 ¹morienimi
919 4080 990 4114 corr.
1018 4062 1046 4115 in
1071 4062 1253 4116 moncaaimi
1283 4062 1319 4114 V:
1373 4083 1429 4117 mc·

244 4132 375 4195 naamani
392 4136 414 4173 a.
433 4152 468 4163 -
491 4125 632 4194 tegamini
651 4129 682 4181 V.
837 4135 877 4183 18.
911 4139 1043 4185 monetur
1060 4132 1090 4183 V.
1245 4132 1287 4179 19.
1324 4122 1429 4198 ptari-

243 4184 287 4236 irs
306 4202 378 4240 corr.
397 4188 424 4241 in
440 4192 544 4259 plurali
560 4195 589 4247 V.
621 4236 625 4248 ,

312 4267 358 4349 lif·
402 4272 442 4324 Du
464 4278 582 4343 eptatico
604 4279 690 4349 modo]
719 4280 762 4333 Gi.
785 4283 819 4335 de
842 4280 902 4335 llil.
927 4300 952 4335 c.
975 4284 1018 4335 18.
1181 4278 1213 4333 11.
1231 4291 1235 4299 ¹
1253 4294 1431 4335 conversam

244 4346 315 4386 corr.
335 4352 362 4386 ιιι
381 4354 505 4394 conversa
523 4344 551 4395 V.

276 4510 321 4585 JV·
357 4518 398 4569 De
418 4528 536 4637 {dmm
557 4530 645 4596 nodo]
673 4530 716 4583 (ll.
739 4532 803 4584 Pri·
854 4534 908 4586 bna
931 4540 961 4587 et
984 4534 1019 4587 de
1044 4533 1144 4586 modia.
1182 4530 1296 4586 Ollaria·
1333 4536 1386 4603 ll,
1416 4541 1432 4588 b

244 4587 331 4625 aaran.
348 4578 400 4634 lib.
441 4588 491 4654 lll,
511 4609 591 4661 capp.
611 4597 646 4648 ris
667 4600 803 4664 tempori·
853 4618 931 4667 0011·
