2950 4992
610 148 747 217 CAPUT
767 150 819 217 vl.
1245 177 1323 225 xonr

137 346 196 382 rrun
216 329 260 381 lit.
283 328 345 380 Vtt.
381 328 426 379 Ea
444 326 529 378 onriie
550 342 583 377 no
606 323 792 378 odnetierinrir
813 324 944 377 codieiber
964 326 1095 396 recogniti
1113 333 1139 381 et
1156 330 1236 382 nunti.
1272 328 1324 382 le-

138 414 234 481 qnitur
250 413 363 483 rignum
382 412 528 474 officinae,
556 426 645 479 grypo
669 415 749 462 etant
770 407 799 460 in
821 408 916 475 lupide
938 411 1074 476 quadrato
1096 428 1181 480 anper
1206 414 1323 483 gtohnrn

140 500 255 563 etatum,
270 500 373 551 additia
390 496 498 554 rethia:
518 496 622 547 Virtute
638 494 713 559 duce,
730 495 822 547 comite
834 496 957 559 fortune.
994 498 1149 567 Lugduni
1166 502 1240 568 apud
1255 502 1322 554 Sed.

145 585 332 652 Gryphium.
360 580 583 636 MDXXXVIH.
617 578 763 647 [reguntur
787 577 815 630 iu
843 595 877 631 eu
903 579 963 631 iere
989 584 1084 635 omnia
1109 600 1180 650 quae
1203 585 1232 637 in
1256 586 1323 639 edit.

142 669 333 737 flervaginne,
361 666 468 719 onriara
491 671 584 717 tanuen
608 664 730 731 epietota
753 666 956 731 nuncupatoria
972 672 1001 719 et
1017 668 1113 720 addito
1131 668 1245 722 somnio
1263 671 1324 723 sei-

140 755 242 822 pionie.
276 755 372 807 Pauca
388 756 498 803 tanturn
516 753 623 801 mutere
644 754 722 812 eunt,
750 756 780 800 et
803 748 900 815 pnueie
920 752 990 803 iouia
1014 754 1148 821 teguntur
1168 754 1325 821 aeripturae

139 841 333 909 discrepantes
351 854 422 903 qaue
439 835 501 887 iliie
519 851 572 885 non
590 834 726 886 inveniar.
760 836 872 887 Indicae
892 836 926 887 ad
948 837 1100 891 volumini·
1118 838 1201 891 finem
1226 841 1325 893 reiecti

139 932 214 990 aunt,
236 928 262 982 l)
280 923 363 974 inden
380 937 466 971 rerum
484 928 513 982 et,
526 921 660 971 verboram
679 920 758 972 haiae
775 922 871 988 operio,
888 922 917 987 2)
933 924 1055 985 Antoren,
1075 940 1185 990 quorum
1206 927 1324 978 tertinro-

139 1011 228 1061 nronio
245 1009 274 1059 in
292 1008 333 1058 hia
352 1006 426 1058 lidrie
439 1022 502 1057 eane
519 1013 558 1059 ert
577 1006 734 1057 Mnerodiue.
769 1006 867 1058 Exstat
883 1006 1037 1059 Mouanhii.

208 1092 333 1144 Eandem
350 1092 468 1142 iorrnarn
484 1090 656 1157 eundemque
672 1090 784 1143 titutum
799 1091 905 1144 hahent

108 1177 317 1246 Gryphium
335 1176 386 1237 li,
404 1191 430 1227 a.
448 1174 645 1237 huxu11.,er

109 1262 314 1332 Gryphiann
332 1261 402 1325 ΙΙΙ,
421 1277 446 1313 a.
463 1260 652 1325 huxuvltt„
672 1276 745 1327 quae
763 1266 873 1312 enatant
895 1261 1047 1315 Monachii.

110 1349 315 1416 Gryphiane
333 1346 383 1397 IV.
403 1350 448 1413 (g,
478 1344 600 1415 paginae
620 1350 682 1397 561.
705 1352 734 1397 et
754 1346 825 1397 iolia
842 1345 965 1397 XXXV}
990 1352 1121 1399 veranum
1146 1350 1273 1419 ΠΗ),
1301 1369 1325 1403 a.

136 1433 231 1485 atuh.
267 1434 383 1484 Praeter
401 1448 485 1482 unum
502 1431 737 1497 exernpiarqnod
758 1430 845 1482 ertin
865 1430 936 1483 ruaia
956 1432 1190 1499 iibriaaiterum,
1219 1438 1327 1504 dequo

143 1520 200 1572 vid.
217 1538 242 1587 p,
258 1534 345 1581 anx,
364 1517 398 1568 nd
418 1533 463 1567 rna
481 1515 561 1567 nriait
578 1515 763 1568 Eduardua
782 1516 1035 1586 annhrdggen
1056 1518 1083 1569 V.
1103 1517 1146 1570 Gt.

110 1604 320 1673 Gryphium
338 1603 382 1666 V„
400 1618 426 1653 a·
443 1598 577 1665 habit,
596 1606 625 1650 et

110 1688 323 1757 Gryphinna'
336 1688 399 1753 Vh,
414 1703 441 1738 a.
460 1684 583 1748 ΝΜ,
597 1688 709 1735 entant
729 1685 881 1739 Munanhii.

110 1776 318 1843 Gryphiana
334 1772 407 1823 vu.
425 1772 515 1837 (¹2⁰),
531 1785 557 1821 a.
575 1768 779 1833 munitat,
798 1773 914 1824 eundem
933 1772 1020 1825 hehet
1038 1772 1164 1837 titulum,
1185 1774 1239 1828 niai
1255 1777 1328 1843 quod

143 1860 273 1913 additur:
304 1859 370 1910 curn
392 1856 480 1907 indice
497 1855 717 1924 loeupletiaairnue
735 1855 809 1921 (rie).
845 1857 934 1911 Ununr
954 1862 1098 1930 exempinr
1109 1863 1212 1915 'exetat
1228 1853 1329 1915 Erind-

145 1961 210 2013 gae‚
228 1960 313 1995 uuum
332 1939 485 1992 Monaehii.

179 2032 209 2096 h)
224 2030 350 2081 'Veneno
369 2025 406 2087 (ai
423 2025 505 2077 nrodo
521 2026 617 2094 pinnen
635 2028 722 2092 runt).

112 2115 352 2185 Gryphianum
366 2111 536 2175 Venetam,
554 2128 626 2179 quae
645 2112 784 2179 prodierit
801 2115 950 2167 Venetiia
966 2117 1041 2184 opud
1059 2118 1124 2169 ioh.
1141 2119 1329 2187 Gryphium,

146 2201 176 2253 in
191 2205 241 2266 80,
267 2216 295 2250 a.
316 2196 449 2249 Mauxv.
473 2205 584 2249 enatare
601 2198 756 2267 Gottingae
774 2200 861 2251 refert
879 2200 1087 2269 schweigerur.
1123 2204 1246 2257 Alteram
1265 2206 1334 2259 nuni

147 2284 332 2349 huuxxlv,
350 2286 394 2348 80,
410 2284 484 2337 idena
501 2290 703 2338 commemorat
718 2300 782 2336 euru
796 2286 908 2336 liberto.

179 2373 207 2437 2)
225 2370 443 2435 Stnerianae,
464 2386 536 2438 quae
555 2369 647 2419 iactae
663 2374 729 2419 aunt
747 2384 763 2418 e
781 2368 991 2435 Gryphinna
1009 2368 1078 2420 vll.

103 2456 299 2509 stuariana
318 2455 340 2506 1.
360 2458 438 2520 (12⁰,
462 2452 584 2520 paginae
600 2456 660 2503 745.
686 2468 824 2503 versuum
840 2452 938 2501 XXIX.
960 2459 988 2503 et
1005 2452 1332 2506 saturninianorum

147 2540 351 2603 continentia).
386 2537 504 2589 Titulus
525 2542 581 2587 eet:
612 2536 774 2587 Moerodii
799 2536 963 2587 Amiroeii
987 2537 1120 2587 Aurelii
1146 2538 1332 2602 Theodosii,

147 2630 200 2681 viri
217 2624 364 2678 oonaaiurie
380 2631 404 2673 ot
420 2622 541 2683 illustris,
561 2621 592 2672 Iu
608 2620 745 2671 Somnium
760 2620 892 2689 scipionia
910 2621 954 2672 tio.
973 2622 1008 2673 11.
1039 2624 1255 2675 saturnaliorum
1275 2626 1332 2679 Lib.

153 2713 216 2764 VH.
253 2712 295 2759 Ea
317 2708 400 2757 unriia
422 2724 454 2756 oo
474 2705 658 2758 aetuetiaairnia
681 2706 813 2757 eodioidur
837 2708 968 2776 recogniti
991 2716 1015 2761 et
1038 2709 1119 2759 aneti.
1160 2710 1224 2762 Cant
1244 2712 1334 2763 indice

149 2793 368 2859 locupletissimae
384 2790 460 2856 (ain).
495 2788 628 2856 Sequitur
645 2789 769 2855 pictura,
791 2793 846 2844 dun
864 2794 944 2861 pueri
962 2794 1091 2845 redentor
1109 2794 1157 2860 qui
1177 2802 1270 2849 tenent
1286 2814 1334 2849 eu·

81 2939 83 2942 ¹
151 2895 243 2931 ranae.
277 2878 358 2945 Apud
377 2877 528 2928 inondum
548 2876 644 2927 stoer
664 2876 840 2932 MDXGVH.

116 2964 302 3020 Stoeriana
320 2962 375 3028 11.,
394 2962 481 3028 priori
499 2963 626 3030 gemine,
649 2965 711 3023 12⁰,
730 2964 804 3030 apud
826 2965 890 3016 iun.
910 2965 1012 3017 stoer.
1031 2963 1171 3017 hucvll.
1206 2966 1333 3020 Schwei-

137 3066 236 3119 ‘gerne
254 3048 346 3099 addit:
365 3049 503 3125 (Genea).
540 3048 638 3099 Exatat
658 3047 811 3099 dionnchii.

184 3135 215 3186 in
234 3133 362 3185 omnihus
380 3132 426 3183 hia
443 3131 614 3185 editiunihue
636 3132 665 3185 in
683 3132 909 3185 saturnaliorum
928 3135 1010 3187 libris
1028 3138 1160 3205 teguntur
1176 3136 1333 3189 adnotatio·

116 3240 166 3275 nea
180 3221 282 3288 quibua
298 3219 435 3271 Arnntdua
450 3218 622 3270 venetiensis
645 3218 847 3271 demonetruvit
865 3221 980 3271 tueunar
998 3222 1066 3287 (eid.
1086 3239 1112 3289 p.
1130 3222 1239 3289 xxx1r.),
1261 3222 1333 3273 etin

116 3307 293 3375 marginihur
318 3305 418 3355 breves
442 3310 524 3355 uotae
551 3303 634 3355 ruodo
658 3306 754 3369 pterea
778 3305 861 3355 modo
890 3304 1050 3371 pauciores·
1068 3307 1168 3372 quibua
1196 3306 1336 3357 indicetur

116 3395 163 3447 vel
192 3395 388 3459 argumentum
418 3389 463 3439 vel
488 3387 647 3454 aeriptnrae
673 3388 870 3453 diecrepantia.
904 3388 1010 3439 Eodem
1036 3390 1179 3454 pertinere
1205 3390 1336 3441 ridentur

116 3480 271 3539 editioner,
296 3492 366 3542 quun
387 3480 608 3526 commemorant
626 3472 746 3523 Ehertne
768 3478 796 3522 et
815 3471 1015 3539 schweigerue
1040 3474 1070 3525 ΙΙ.
1089 3490 1147 3538 ue,
1176 3472 1335 3541 Lugduni

116 3565 189 3633 apud
210 3561 338 3614 Theoi).
357 3559 462 3625 (Schw.
482 3556 622 3621 Theod)
640 3557 818 3625 Raganurn
838 3555 950 3609 MDLX.
970 3562 1013 3624 80,
1032 3565 1060 3611 et
1080 3558 1242 3612 Venetiia
1262 3562 1335 3629 apud

116 3652 170 3701 Hi.
189 3648 340 3700 Scotum.
1183 3644 1195 3651 ’“

117 3728 422 3787 δΤΕΡΗΑΝΙΑΝΑ
441 3733 480 3794 (a,
499 3728 569 3780 iotia
586 3727 659 3779 vua
679 3727 793 3780 titulum
813 3733 842 3779 et
855 3728 992 3797 epietnhtr
1011 3730 1196 3797 continentia,
1214 3732 1336 3802 paginae

150 3821 211 3868 518.
229 3831 359 3866 veranum
377 3812 516 3874 xxxtlt,
532 3813 688 3866 iniiam*
706 3815 815 3867 indiuea
832 3816 1025 3882 continentia).
1061 3816 1177 3870 Tituiua
1195 3826 1252 3871 eet:
1272 3822 1335 3871 Au·
1420 3802 1421 3806 Ἰ

151 3902 231 3955 reiii
250 3901 413 3953 Macrobii
429 3900 598 3951 Androaii
618 3900 818 3963 Theodosii,
853 3902 911 3954 Viri
932 3904 1085 3955 consularia
1103 3912 1128 3956 et
1145 3905 1272 3965 iiluetrir,
1304 3903 1336 3953 In

155 3987 292 4039 somnium
320 3985 452 4052 scipionia
480 3984 555 4035 uitri
577 3986 614 4037 11.
661 3986 788 4039 Eiuadem
814 3989 998 4041 conuiuiorum
1024 3988 1239 4040 Saturnoiiorurn
1264 3986 1338 4037 uitri

157 4074 220 4126 1⁷11.
257 4072 297 4123 De
319 4071 370 4122 irae
391 4071 506 4121 editione
522 4071 583 4139 tege
599 4071 637 4122 ud
653 4071 774 4126 lectorem
793 4074 930 4141 epistotam
950 4073 1087 4124 henrici
1106 4072 1289 4138 stephanie
1319 4088 1337 4121 o

151 4176 203 4225 qno
227 4157 276 4209 tidi
303 4156 436 4207 dabuntur
463 4156 542 4207 etiarn
570 4158 702 4225 qunednno
726 4165 849 4225 excerpto
875 4174 906 4209 ea
931 4159 1047 4209 eireadenr
1074 4156 1239 4207 Macrobii
1262 4154 1337 4217 libro,

154 4259 230 4310 quern
253 4241 387 4308 inaeriprit
413 4241 456 4292 De
476 4241 699 4306 differentiia
723 4249 753 4293 et
777 4242 994 4293 eooietntiiua
1015 4241 1134 4292 Grneoi
1153 4239 1338 4307 Latinique

153 4327 255 4379 nendi.
293 4325 442 4377 Porieiie
459 4326 517 4377 earn
531 4327 676 4394 priuilegio
693 4326 819 4377 &enoria
836 4334 861 4378 et
879 4326 1016 4376 Gatiornnt
1034 4325 1118 4393 Regia
1132 4326 1160 4377 in
1176 4326 1336 4377 decennium.
1403 4372 1412 4390 ,

154 4415 233 4465 Anno
255 4412 291 4463 Μ.
312 4412 345 4462 D.
367 4411 504 4464 LXXXV.
541 4412 670 4464 Tituturn
693 4416 847 4477 aequentur
864 4409 1016 4475 epistolae:
1039 4412 1160 4463 innodo
1183 4413 1337 4474 Danaeia,

156 4498 243 4566 Regia
258 4496 286 4548 in
304 4496 404 4547 Senatu
416 4496 561 4548 Pnririenai
575 4495 742 4549 consiliario.
831 4496 904 4547 Vale.
928 4495 1083 4549 Paria-iia.
1105 4497 1154 4549 XI·
1171 4498 1232 4555 Cal.
1252 4497 1337 4564 April.

154 4586 198 4634 et:
228 4580 389 4633 Hearieur
415 4581 605 4649 stephanae
630 4581 721 4632 tentori
745 4580 863 4635 lectionir
891 4582 1020 4635 Macrobii
1046 4583 1170 4637 atndioao.
1263 4579 1338 4641 Vnte,
