2950 4992
140 168 277 243 GOMM.
298 167 344 235 IN
365 164 492 235 SOMN.
513 164 612 233 SCIP.
655 167 729 231 LIB.
748 168 787 232 ΙΙ.
831 168 920 235 (ΙΑΡ.
940 170 1024 235 xru
1047 170 1131 237 XIV.
1177 170 1237 245 189

68 352 112 406 est
127 350 231 405 notum
249 359 313 403 non
332 349 389 402 est:
416 338 512 423 ipe'tur
530 338 636 401 animo
653 348 727 401 noto
747 360 810 402 non
832 348 879 403 est.
923 340 1028 405 Tertio
1049 340 1131 406 loco:
1162 341 1237 406 dni·

67 450 119 492 me
138 437 211 489 nuto
230 445 294 488 non
314 434 371 487 eet:
397 423 480 520 pund
495 433 600 486 amam
619 444 683 487 non
703 433 745 486 est
764 424 920 487 inmortale
940 437 997 489 eat:
1021 427 1115 509 epm
1135 428 1238 492 onemo

68 511 237 576 inmortalis
258 519 306 572 eet
354 508 416 572 bln
444 527 517 573 vero
539 528 663 571 omnem
691 508 956 572 ratiocinationem
981 530 1066 573 suam
1090 511 1122 574 in
1143 512 1286 578 unius12

69 594 236 682 syllogismi
257 592 474 678 compendium
496 592 695 677 redegerunt:
734 594 846 657 Anemo
868 616 906 657 em
925 617 956 658 se
975 607 1125 659 monetur:
1158 598 1237 681 qood

69 706 109 747 eac
129 705 161 745 ee
182 690 314 744 movetur
339 679 528 765 preteritum
552 690 647 742 monn
669 689 727 743 eet:
761 680 841 765 qnod
857 680 1050 766 principium
1075 690 1171 743 metm
1197 693 1237 745 est

67 778 173 831 notum
191 774 330 830 nonest:
364 785 421 849 qne
463 773 567 828 notum
586 786 650 829 non
674 774 716 828 est
738 766 895 829 inmortale
923 776 980 830 est:
1014 766 1109 849 iqitnr
1133 766 1236 829 oniaco

68 852 236 917 inmortalia
255 860 304 913 est.

152 937 237 1000 xlv.
280 932 340 997 Sed
361 932 471 996 barum
489 932 629 998 omnium
648 934 917 1000 ratiocinationum
940 934 1021 1019 apud
1041 956 1112 1000 eum
1135 941 1237 1020 potest
1268 939 1282 1002 l

67 1030 224 1108 postrema
243 1018 399 1082 conclusio
422 1018 460 1081 de
479 1018 598 1083 animae
617 1019 837 1085 inmortalitate
857 1028 1006 1098 constare,
1026 1022 1082 1105 qui
1106 1022 1235 1106 primam

67 1106 326 1192 propositionem,
365 1104 396 1167 id
418 1110 466 1167 est
486 1125 525 1168 ex
545 1125 578 1167 se
601 1106 718 1169 moveri
739 1106 890 1181 animam,
925 1126 987 1169 non
1012 1106 1136 1171 refellit:
1161 1106 1236 1170 'bac

68 1192 203 1257 enimin
224 1189 283 1252 lide
300 1209 362 1252 nun
380 1196 504 1272 recepta
525 1188 636 1253 debilia
657 1188 736 1254 liunt
755 1190 858 1254 omnia
879 1210 958 1273 quae
978 1199 1132 1255 secuntur.
1175 1191 1235 1257 Sed
1264 1195 1286 1259 2

67 1277 140 1341 buic
162 1274 336 1339 Stoicorum
360 1274 485 1358 quidem
507 1274 623 1338 accedit
645 1275 802 1340 adsensio:
839 1274 1021 1339 Aristoteles
1043 1296 1116 1340 vero
1137 1275 1285 1363 adeopro]

69 1382 131 1425 uon
152 1359 336 1444 adquiescit,
362 1366 399 1423 ut
419 1358 553 1423 animam
576 1381 640 1423 non
660 1361 760 1425 solum
783 1382 820 1425 er
845 1382 877 1424 se
899 1381 962 1425 non
982 1360 1098 1425 moveri
1122 1362 1174 1425 sed
1196 1381 1236 1443 nc

67 1446 184 1511 moveri
208 1444 332 1529 quidem
356 1444 479 1529 penitus
499 1453 629 1508 conetur
651 1446 801 1512 adserere.
843 1446 889 1510 lta
908 1446 989 1510 enim
1012 1446 1127 1510 callidis
1146 1437 1235 1531 arg'u·

67 1530 309 1596 mactationibus
330 1530 440 1593 astruit
467 1529 544 1593 nihil
571 1550 609 1593 ex
629 1551 662 1593 se
685 1532 816 1608 moveri,
851 1539 903 1607 ut,
940 1538 972 1595 et
990 1530 1015 1594 si
1039 1531 1154 1616 aliquid
1177 1530 1236 1595 hoc

68 1616 167 1681 lucere
185 1614 341 1693 concedat,
361 1614 495 1679 animam
516 1622 621 1678 tamen
642 1614 701 1679 boc
720 1639 783 1682 non
806 1636 872 1681 esse
891 1615 1061 1683 confirmet.
1103 1616 1142 1681 Si
1157 1618 1236 1680 enim
1264 1618 1284 1683 3

67 1705 188 1778 enemo,
209 1700 326 1785 iuquit,
401 1701 539 1785 neminem
559 1710 655 1764 metm
676 1713 730 1778 ert,
753 1703 840 1767 doceo
860 1723 924 1765 non
938 1723 1029 1786 posse
1044 1703 1236 1788 principium

66 1799 162 1851 nmtm
188 1786 308 1849 moueri.
348 1722 460 1849 ppim
488 1784 670 1849 divisionem
696 1807 770 1851 suae
798 1786 872 1851 artis
900 1786 1085 1869 ingreditur,
1117 1796 1152 1850 ut
1173 1787 1235 1935 pri·

67 1893 154 1937 mum
175 1871 284 1934 doceat
302 1870 333 1933 in
358 1890 462 1933 rerum
484 1877 593 1934 natura
615 1892 683 1935 esse
707 1872 824 1958 aliquid
845 1870 1009 1949 inmobile,
1044 1868 1154 1936 deinde
1198 1892 1235 1937 oo

67 1978 135 2023 csse
156 1955 290 2021 animam
311 1962 442 2039 temptet
462 1954 633 2021 ostendere.
683 1958 803 2027 Necesse
825 1970 880 2035 est,
914 1956 1032 2042 inquit,
1061 1968 1115 2027 ont
1135 1960 1236 2024 omnio
1264 1959 1285 2022 4

856 2146 939 2208 [Edd.
959 2144 1165 2213 vicubgepdab.

66 2226 174 2294 carpsit
191 2226 263 2278 baec
281 2240 298 2277 a
314 2224 423 2277 verbis:
455 2227 554 2280 Animo
572 2246 605 2281 ee
620 2246 648 2283 se
665 2238 784 2292 mouetur
806 2246 895 2296 usque
915 2230 950 2280 ad
968 2228 1051 2280 finem
1072 2228 1181 2295 capitis.
1202 2258 1236 2267 -

65 2298 158 2349 animo
174 2294 335 2363 principium
352 2303 390 2351 en
407 2301 493 2348 mutire
509 2297 560 2347 Rl.
580 2324 611 2335 -
633 2299 703 2366 quod
721 2306 827 2351 cotem
844 2306 936 2350 notum
953 2315 1006 2348 non
1024 2305 1061 2349 eet
1080 2298 1131 2347 Ra.
1166 2296 1236 2363 qued

66 2372 174 2417 autem
193 2382 245 2415 non
268 2371 306 2414 est
323 2370 415 2413 notum
438 2363 469 2414 F.
504 2366 575 2431 quod
592 2373 697 2417 autem
716 2360 809 2419 notiam
829 2372 898 2426 (om.
918 2382 970 2415 nen
988 2368 1039 2423 est)
1063 2364 1133 2413 Ban.

65 2436 108 2482 12.
143 2432 346 2484 rationationem
363 2436 438 2495 (sup.
456 2431 494 2490 ci)
514 2432 564 2481 Rl.
593 2460 620 2469 -
648 2434 780 2500 redegere
797 2449 857 2499 r-g.
882 2458 916 2469 -
944 2431 1012 2496 quod
1032 2439 1139 2481 antem
1159 2446 1189 2481 ee
1208 2446 1235 2481 ee

64 2498 175 2549 usuri.
202 2528 238 2536 —
258 2498 328 2565 qood
349 2505 455 2548 cutem
471 2499 631 2565 principium
650 2498 781 2567 usi-go.
800 2528 834 2539 -
859 2499 929 2566 quod
948 2505 1054 2548 cutem
1073 2505 1165 2549 notum
1181 2514 1234 2548 non
1318 2498 1321 2503 '

65 2574 106 2618 eet
123 2566 155 2615 F.
191 2567 261 2630 quod
279 2572 383 2614 nutem
400 2582 453 2615 non
471 2573 563 2614 notum
580 2574 618 2616 eet
642 2566 675 2615 B.

134 2630 204 2680 xw.
245 2632 331 2696 Caput
349 2630 424 2680 XlV.
463 2632 563 2696 Quibus
575 2633 721 2683 rationibus
735 2630 886 2683 Aristoteles
901 2637 991 2682 contra
1006 2630 1143 2685 Platonem
1160 2648 1235 2682 mon·

65 2696 294 2758 orarationem,
315 2696 432 2747 unimam
449 2714 467 2748 o
482 2714 510 2747 se
527 2700 586 2763 ipso
603 2701 702 2751 moveri
716 2718 770 2751 non
785 2715 871 2765 posse.
897 2698 975 2749 cb-b.
1130 2702 1153 2748 1.
1188 2715 1233 2749 ro-

15 2824 20 2829 ,
65 2765 271 2817 elucidationem
288 2763 345 2813 BP.
389 2764 621 2817 rationationem
639 2767 690 2817 ut.
734 2770 881 2818 rationum
900 2782 925 2817 a.
953 2794 986 2804 —
1014 2772 1132 2816 constare
1148 2774 1234 2831 potest

23 2827 28 2838 '
65 2833 156 2893 (inira
175 2848 229 2881 om.
248 2834 379 2888 coartare)
397 2830 428 2880 F.
458 2859 492 2868 —
520 2841 653 2899 postremo
668 2841 755 2901 puteat
775 2832 824 2883 R2.
870 2841 956 2901 potest
975 2842 1098 2885 extremo
1118 2832 1171 2883 Tu.
1199 2862 1230 2871 -

64 2902 246 2952 lanceatam
272 2898 321 2947 82.
349 2924 380 2934 -
403 2898 463 2962 fide
485 2904 553 2957 (om.
571 2902 613 2960 in)
636 2901 669 2952 F.
821 2904 846 2951 2.
886 2902 939 2951 Sed
960 2902 1021 2953 liuie
1044 2906 1119 2965 (sup.
1143 2901 1232 2959 binc)

66 2983 191 3034 quoque
208 2966 258 3015 R2.
283 2994 317 3002 —
342 2965 444 3030 quidem
463 2968 602 3018 stoicorum
620 2969 669 3020 Rl.
697 2996 723 3007 -
753 2970 863 3021 occidit
881 2967 954 3035 ng.
981 2996 1013 3006 -
1042 2984 1073 3018 ee
1091 2984 1118 3017 se
1136 2970 1234 3020 moveri

65 3043 135 3094 (om.
153 3039 218 3092 non)
236 3033 288 3084 Rl.
311 3060 344 3069 -
366 3040 399 3085 ut
415 3034 497 3084 nictit
516 3035 585 3094 (del.
603 3042 647 3096 ut)
666 3036 716 3086 Rl.
735 3064 769 3075 -
792 3038 885 3087 etium
903 3038 927 3087 si
944 3037 1047 3102 aliquid
1066 3035 1097 3085 P·
1133 3036 1160 3086 ei
1181 3037 1234 3086 oli-

65 3102 216 3169 quidcem.
235 3106 272 3160 et)
291 3100 374 3151 lBuu.
409 3102 664 3168 etaiqnidl),‚2
678 3103 751 3155 0¹.“
786 3105 893 3167 etiem,
912 3104 1032 3171 siquid
1050 3102 1233 3155 Edd.—lroc

63 3186 120 3222 esee
136 3187 188 3222 nun
206 3170 333 3234 affirmet
357 3167 409 3219 Rl.
560 3172 586 3221 4.
621 3172 772 3239 inquidest
792 3172 843 3221 R2.
889 3178 927 3223 est
945 3172 1029 3239 inquit
1045 3172 1233 3224 aristotiles

98 3336 174 3399 xlv,
193 3339 218 3387 2,
254 3333 418 3401 Aristoteles]
441 3335 472 3385 Α.
491 3334 624 3388 Stabrius
672 3336 705 3391 ed
720 3335 759 3407 μὴ
776 3334 964 3404 κινούμενον.“
980 3338 1066 3389 Pone.
1079 3365 1111 3375 -
1130 3337 1178 3388 Sic
1196 3339 1232 3389 ab

60 3403 93 3455 in
106 3404 179 3454 libro
193 3402 240 3469 qni
253 3403 406 3467 inscriptus
418 3406 625 3457 eetArietotelea
673 3409 741 3459 aliie
768 3406 905 3473 distingui
933 3400 965 3455 τὸ
994 3401 1118 3470 ἔμψυχον
1146 3411 1174 3456 et
1198 3400 1232 3455 ed

59 3473 105 3522 bei
124 3473 174 3522 den
195 3472 321 3521 Roemern
344 3486 370 3533 p.
392 3471 449 3519 187.
470 3470 510 3522 ait
530 3472 623 3536 plera·
672 3469 784 3540 ἄψυχον
823 3479 960 3525 memorat
985 3473 1159 3523 ¹Aristotelea
1197 3472 1231 3523 de

58 3556 132 3606 que,
167 3554 238 3604 qrrae
261 3538 441 3605 proterantur
463 3537 491 3587 in
520 3538 573 3589 boe
595 3544 624 3591 et
673 3543 767 3593 anima
786 3541 813 3605 l,
830 3544 859 3597 2,
876 3540 956 3601 init.;
977 3542 1026 3589 sed
1045 3539 1072 3589 in
1092 3539 1231 3607 principia

58 3606 245 3672 sequentibus
268 3605 375 3655 dnobus
394 3602 547 3669 capitibus,
580 3607 623 3657 ri·
673 3610 775 3674 eapitis
793 3612 823 3658 3:
853 3602 1043 3658 'Enicnems'ov
1062 3602 1104 3672 δὲ,
1131 3608 1231 3674 inquit,

58 3675 124 3725 cleri
139 3674 286 3740 desumpta
304 3689 336 3722 ex
351 3671 512 3723 Aristotelis
532 3673 622 3736 libris,
671 3678 782 3765 npoietm
798 3672 847 3742 ple
863 3673 925 3736 eracl
942 3669 1083 3740 κινήσεως·
1098 3673 1163 3735 ἴσως
1177 3672 1230 3742 γὰρ

57 3742 112 3809 qui
193 3748 203 3791 t
228 3742 262 3791 de
286 3741 369 3790 rebus
392 3741 568 3792 naturalibus
594 3748 623 3792 et
673 3761 707 3797 oo
731 3739 819 3811 μόνον
840 3737 946 3808 ψεῦδός
968 3738 1024 3792 ἐστι
1048 3738 1081 3793 ed
1104 3738 1154 3808 τὴν
1183 3738 1229 3794 oti-

57 3812 98 3862 de
119 3758 222 3927 *a
258 3807 383 3858 Plurima
406 3822 472 3857 sane
495 3808 622 3861 invenias
672 3813 735 3865 elne
754 3806 840 3877 αὐτῆς
853 3805 984 3874 τοιαύτην
1000 3804 1078 3867 εἶναι,
1096 3810 1159 3861 oi'oo
1176 3827 1231 3877 φα-

56 3876 140 3929 ἰιιΦ
176 3875 235 3943 ικῆς
250 3869 406 3941 ἀκροάσεως
425 3876 507 3926 libris
527 3878 577 3928 vll
594 3883 623 3928 ct
673 3878 715 3931 cta
738 3878 766 3931 ol
786 3876 907 3945 λέγοντες
929 3871 1022 3943 ψυχὴν
1044 3872 1114 3929 εἶναι
1136 3872 1168 3927 τὸ
1191 3894 1230 3927 κι-

57 3944 128 3996 v111
149 3945 223 3995 etin
244 3944 318 3994 libro
336 3943 349 3992 l
369 3940 432 4008 περὶ
454 3944 560 4009 Ψυχῆς,
593 3950 623 3996 at
670 3947 740 3998 νοῦν
758 3940 841 3998 ἑαυτὸ
858 3936 1044 4027 ipdvvoipevov
1062 3946 1153 4005 κινεῖν,
1172 3937 1229 3994 citt'

57 4030 116 4067 aon
144 4011 251 4074 omnia,
284 4026 374 4075 neque
401 4013 498 4061 eodem
523 4012 621 4063 ordine
672 4008 702 4065 ἓν
725 4030 752 4063 τι
777 4012 834 4064 τῶν
861 4006 1007 4064 advenirem
1034 4007 1066 4063 ed
1098 4005 1239 4078 decipletur

60 4085 242 4147 pertractata,
265 4078 442 4130 utrideatur
460 4078 622 4133 Macrobius
671 4074 743 4149 αὐτῇ
765 4080 877 4147 κίνησιν.
913 4079 981 4131 Cum
1004 4080 1057 4141 iia,
1086 4094 1157 4145 quae
1181 4081 1230 4129 dc-

60 4164 116 4199 nou
141 4147 232 4215 ipsius
255 4145 416 4197 Aristotelis
440 4146 530 4197 libros
557 4156 622 4198 autc
670 4148 735 4199 inde
754 4154 920 4213 scortantur,
939 4146 1096 4214 comparari
1113 4152 1230 4213 possunt

62 4215 326 4276 nculoebabuiese,
358 4214 407 4263 scd
426 4221 539 4265 secutus
559 4232 622 4267 essa
670 4216 758 4281 Phys.
780 4216 855 4276 Vlll,
874 4232 955 4282 capp.
974 4218 1042 4279 4,5,
1063 4219 1093 4276 6;
1117 4216 1165 4264 aed
1186 4214 1228 4279 ip-

63 4281 222 4333 l'laluuieos
236 4299 352 4348 quorum
369 4281 474 4347 placita
486 4283 622 4335 defendit.
669 4300 727 4335 eam
762 4284 923 4349 Aristotelis
958 4281 1228 4351 argumentationem

97 4354 127 4397 ut
155 4351 270 4401 animum
293 4384 318 4406 ..
340 4365 373 4400 ne
395 4350 493 4400 moveri
516 4352 619 4417 quidem
669 4368 806 4418 nusquam
831 4350 936 4402 inueni.

61 4415 168 4483 penitus
197 4425 302 4467 conetm
332 4416 464 4484 adserere]
497 4418 621 4483 „Senior

62 4483 136 4549 apud
156 4482 398 4549 Glossogrephuur
416 4483 570 4536 Nicieriua'z
594 4485 623 4537 el
670 4451 1074 4589 cfff‘pfflznfi'llrcmgzzal?
1092 4468 1146 4505 ⁶⁸⁸⁶
1165 4450 1227 4521 αὖ]

61 4546 154 4620 metr
183 4544 216 4621 ni
239 4546 405 4615 κινούμενον·
439 4551 468 4607 a
493 4546 619 4620 ἄψυχον.
