2950 4992
190 169 235 237 ao
675 163 885 236 Macaoan

190 336 508 424 rerumpublicarum
531 333 650 402 actibm
672 355 707 400 se
728 341 931 421 sequestrant
972 335 1091 401 flamm
1141 334 1195 400 uid
1223 335 1362 421 singulae

190 424 300 501 velint,
327 423 469 509 superius
488 419 712 507 expressimus,
737 441 808 486 cum
828 419 867 485 de
888 421 1053 485 virtutibus
1075 355 1361 506 phdosophantinm

161 507 378 583 ildiccrcmus‚
406 525 483 590 quas
504 507 585 570 solas
606 504 732 590 quidem
752 505 992 571 aestimaverunt
1013 523 1080 570 esse
1101 505 1242 570 virtutes.
1287 508 1362 571 Ter-

189 593 252 658 tiae
271 599 344 657 sunt
362 589 483 675 purgati
503 590 564 655 iam
586 588 794 677 defaecatique
810 589 906 655 animi
928 597 960 654 et
978 589 1016 653 ab
1035 589 1119 653 omni
1140 590 1248 654 mundi
1268 589 1361 656 huius

190 677 351 762 aspergine
369 695 474 824 presse
492 695 631 761 pureque
651 674 774 740 detersi.
815 675 881 740 lllio
904 673 1085 761 prudentiae
1105 681 1152 739 est
1173 672 1276 740 divina
1297 696 1360 740 non

190 761 279 847 quasi
301 761 332 825 in
355 759 504 824 sectione
525 759 679 845 praeferre
700 758 754 824 sed
775 759 840 824 sola
860 780 960 835 nosse,
980 767 1012 824 ct
1031 757 1115 834 haec,
1134 765 1292 844 tamquam
1313 760 1359 826 ni-

190 844 234 909 hil
257 845 297 911 sit
317 844 417 922 aliod,
445 843 575 909 intueri:
609 844 831 928 temperantiae
855 851 995 910 terrenas
1021 843 1202 928 cupiditates
1224 864 1286 908 non
1310 865 1359 910 re·

188 930 322 1016 primore
340 929 393 994 sed
414 927 537 1013 penitus
559 927 710 994 oblivisci:
737 928 925 995 tortitudinis
940 926 1102 1028 passiones
1119 928 1274 1013 ignorare,
1296 949 1360 994 non

188 1014 327 1092 vincere,
355 1019 392 1078 ut
412 1015 526 1077 cadat
544 1014 651 1090 trasei,
683 1015 787 1099 capeat
804 1015 900 1080 nillil:
938 1013 1073 1079 iustitiae
1098 1013 1139 1078 ita
1158 1033 1227 1078 cum
1249 1033 1360 1112 supera

189 1106 221 1163 et
241 1098 344 1165 divina
365 1105 470 1162 mente
490 1098 609 1176 sociari,
629 1105 666 1163 ut
685 1106 787 1163 servet
804 1105 988 1184 perpetuum
1011 1119 1081 1163 cum
1104 1117 1140 1163 ea
1162 1097 1270 1166 ioedus
1290 1100 1358 1164 rmi-

140 1181 291 1248 10tando.
350 1181 488 1260 Quartae
514 1192 602 1259 sunt,
646 1182 784 1282 quaein
812 1183 878 1267 ipsa
909 1183 1012 1249 divina
1045 1191 1149 1248 mente
1176 1184 1358 1263 consistunt,

188 1287 281 1352 quam
302 1266 436 1331 diximus
458 1267 543 1332 νοῦν
563 1286 679 1334 uocari:
718 1288 737 1332 a
759 1288 891 1352 marum
917 1267 1058 1354 exemplo
1084 1268 1222 1355 reliquae
1250 1290 1357 1335 omnes

136 1361 248 1437 [smper
265 1350 405 1417 ordinem
426 1351 574 1417 defluunt.
614 1353 695 1420 Nam
716 1352 743 1416 si
764 1373 868 1418 rerum
889 1353 1035 1431 aliarum,
1059 1353 1158 1418 multo
1180 1353 1276 1439 magis
1297 1355 1357 1421 vir·

188 1442 291 1502 tutum
317 1433 400 1500 ideas
427 1457 495 1502 esse
518 1435 551 1500 in
576 1445 679 1503 mento
708 1436 895 1502 credendum
924 1446 982 1504 est.
1027 1437 1094 1502 lllic
1122 1438 1285 1524 prudentia
1310 1445 1358 1504 est

188 1542 277 1586 mens
297 1521 363 1605 ipsa
385 1521 503 1587 divina:
539 1521 759 1608 temperantia,
792 1521 875 1607 quod
902 1522 934 1586 in
957 1543 990 1586 se
1010 1531 1157 1607 perpetua
1184 1522 1357 1590 intentione

188 1626 335 1672 conversa
355 1613 417 1671 est:
435 1604 595 1684 tortitudo,
614 1605 697 1692 quod
714 1625 838 1692 semper
855 1607 937 1672 idem
956 1614 1003 1672 est
1023 1627 1081 1671 nec
1101 1607 1265 1692 aliquando
1287 1629 1355 1673 mu-

187 1698 287 1757 tatur:
321 1691 452 1768 iustitia,
479 1690 563 1776 quod
582 1691 711 1776 perenni
731 1691 798 1776 lege
820 1712 837 1757 a
861 1693 1048 1777 sempiterna
1068 1691 1169 1777 operis
1191 1691 1238 1756 sui
1258 1693 1354 1758 conti·

139 1777 176 1840 ll
189 1775 337 1841 nuatione
358 1797 422 1840 non
443 1775 585 1840 flectitur.
627 1778 712 1842 llaec
731 1783 806 1842 sunt
832 1785 1052 1876 quaternarum
1077 1783 1224 1874 quattuor
1241 1797 1356 1926 ponera

188 1861 353 1935 virtutum,
389 1881 470 1946 quae
495 1867 617 1946 practer
643 1869 745 1926 cetera
772 1881 938 1928 maximam
965 1860 997 1924 in
1019 1860 1213 1946 passionibus
1263 1862 1357 1928 abent

185 1945 391 2096 ldifferentiam
415 1944 472 2011 sui.
514 1945 677 2012 Passiones
698 1951 818 2026 autem,
852 1952 889 2013 ut
914 1947 1043 2026 scimus,
1077 1955 1241 2026 vocantur,
1272 1948 1356 2033 quod

208 2051 328 2096 ommes

270 2152 314 2164 -
331 2123 466 2181 metuant
484 2115 679 2202 cupiantque,
702 2115 801 2181 dolent
819 2117 1013 2203 pendentque.

185 2201 251 2266 Has
269 2201 387 2286 primae
407 2200 562 2278 molliunt,
584 2201 736 2265 secundae
755 2199 914 2280 auferunt,
933 2201 1043 2267 tertiae
1064 2199 1302 2280 obliviscuntur,
1321 2201 1355 2269 iu

56 2310 63 2318 ·
138 2285 176 2350 12
186 2286 305 2371 quartis
328 2285 413 2351 nelos
434 2289 483 2350 e'st
503 2285 665 2372 nominari.
715 2285 748 2350 Si
770 2306 845 2370 ergo
870 2286 929 2351 hoc
948 2294 996 2352 est
1016 2285 1151 2351 officium
1174 2295 1206 2351 et
1227 2289 1354 2354 effectus

185 2371 352 2448 virtutum,
376 2370 482 2448 beare,
510 2376 630 2435 constat
651 2376 754 2435 autem
778 2378 809 2436 et
828 2371 967 2456 politicas
993 2392 1061 2436 esso
1082 2371 1225 2437 virtutes:
1260 2372 1355 2457 igitur
1406 2425 1415 2435 .

185 2463 218 2522 et
237 2455 368 2542 politicis
386 2454 562 2522 efficiuntur
581 2454 672 2520 beati.
713 2457 785 2521 Iure
804 2476 877 2542 ergo
896 2457 1016 2522 Tullius
1035 2457 1073 2522 dc
1094 2476 1198 2522 rerum
1218 2457 1354 2542 publica-

185 2561 255 2609 rum
273 2541 445 2607 rectoribus
465 2540 558 2605 dixit:
582 2541 638 2604 ote·
655 2541 734 2607 tenes·
753 2563 824 2606 aevo
843 2545 1019 2640 serpiterna
1038 2544 1201 2629 smmntar:
1226 2543 1295 2625 qui,
1316 2550 1353 2607 ut

185 2627 363 2691 ostenderet
378 2626 454 2692 alios
472 2624 579 2691 otiosis
599 2624 675 2690 alios
695 2625 863 2724 negotiosis
880 2627 1046 2692 virtutibus
1066 2626 1133 2692 fieri
1155 2627 1269 2703 beatos,
1288 2647 1351 2692 non

186 2709 265 2774 dixit
285 2709 425 2775 absolute
447 2710 522 2775 nihil
546 2731 613 2776 esse
636 2710 679 2774 illi
701 2710 831 2797 prmcipi
853 2710 911 2776 deo
933 2712 1101 2798 acceptius,
1134 2732 1227 2796 quam
1248 2711 1353 2778 civite·

184 2800 249 2870 tes,
280 2793 333 2858 sed
354 2794 479 2860 adiecit:
512 2797 593 2882 pand
610 2795 728 2882 quidem
748 2797 891 2883 inmte-re
908 2798 978 2883 fiat,
1010 2805 1046 2864 ut
1066 2817 1119 2861 eos
1143 2797 1197 2882 qui
1219 2797 1257 2862 ab
1280 2797 1353 2882 ipsis

183 2876 366 2944 caelestibus
398 2878 549 2964 incipiunt
571 2879 758 2945 discerneret
786 2901 803 2945 a
831 2882 1002 2948 rectoribus
1032 2879 1204 2957 civitatum,
1241 2882 1354 2968 quibus

135 2961 175 3029 13
185 2984 241 3050 per
257 2971 399 3030 terrenos
417 2971 503 3028 actus
522 2963 581 3030 iter
602 2972 728 3050 paratur
747 2964 784 3030 ad
806 2967 934 3031 caelum.
976 2966 1031 3031 llla
1050 2973 1154 3029 autem
1174 2965 1354 3032 delinitione

230 3049 260 3114 id
289 3048 424 3135 pressius
453 3055 555 3134 potest
582 3070 663 3127 esse,
705 3050 780 3134 quid
807 3050 927 3116 cautius
954 3051 992 3116 de
1015 3049 1141 3115 nomine
1171 3049 1353 3116 civitatum?

185 3071 287 3211 aare
307 3134 447 3212 concisa,
467 3132 583 3218 inquit,
610 3146 763 3222 rostrisque
783 3136 936 3202 lominum
955 3136 1023 3201 aare
1039 3135 1158 3211 sociati,
1179 3155 1255 3219 qaae
1277 3134 1351 3200 erei-

250 3267 319 3320 Mss.
341 3265 607 3331 assentacione]

181 3370 241 3407 rans
261 3355 335 3422 pall.
360 3356 461 3409 aetites
487 3353 518 3408 F.
560 3371 611 3408 rer.
627 3356 701 3426 pall.
725 3355 828 3409 actites
849 3361 917 3417 (om.
937 3359 969 3416 a)
990 3353 1041 3406 Ra.
1069 3379 1105 3392 -
1133 3352 1268 3422 saperius]
1293 3353 1351 3422 54.

117 3415 124 3431 ’
181 3423 412 3478 existimaverant
428 3422 593 3476 Bassum.
745 3428 770 3475 s.
806 3423 976 3492 aspersione
993 3423 1044 3475 111.
1060 3449 1093 3459 -
1112 3422 1247 3488 depressi
1267 3422 1298 3474 P.
1317 3450 1352 3462 -

181 3491 305 3544 electione
321 3492 389 3560 (om.
407 3494 449 3558 in)
470 3491 499 3542 [n
518 3518 552 3530 -
568 3494 719 3556 carceri,
736 3491 785 3544 nbi
801 3491 916 3556 saepius
934 3507 962 3542 se
979 3490 1084 3558 legitur
1102 3505 1153 3555 pro
1169 3505 1203 3540 ss.
1217 3517 1254 3530 -
1269 3490 1353 3542 nielsil

182 3557 259 3608 alind
274 3560 308 3609 sit
329 3561 381 3611 111.
405 3585 438 3600 -
460 3577 513 3612 non
530 3561 666 3627 reperire
689 3560 722 3611 G.
740 3587 774 3598 -
794 3557 905 3625 nesciat]
931 3559 1056 3610 luvenal.
1077 3556 1116 3624 X,
1140 3559 1200 3608 360.
1218 3558 1353 3608 -irasci

181 3623 282 3674 nesciat
299 3625 348 3676 Ra.
368 3653 401 3665 -
418 3629 575 3693 capiatque
590 3627 673 3678 nieltil
690 3627 742 3678 111.
757 3655 789 3664 -
806 3639 929 3693 superno
946 3625 1001 3692 i-p.
1154 3628 1196 3674 10.
1234 3624 1353 3689 Quartae

183 3691 388 3822 eseppplarps
400 3701 466 3809 pant
478 3692 528 3808 1-1)
545 3693 589 3809 (11
602 3693 631 3745 in
650 3700 731 3762 mg.).
750 3718 786 3733 -
805 3709 893 3810 poem
911 3693 951 3743 111
971 3693 1062 3809 (title
1082 3708 1110 3810 p2
1125 3695 1185 3751 m).
1221 3708 1299 3757 puae
1309 3692 1351 3809 dli.

181 3773 397 3885 :tritt-⁰
405 3759 557 3877 111111.
577 3785 653 3877 el*
672 3776 895 3878 ⁰'“”⁶⁸lt.‘⁹”tt
911 3763 1098 3893 inediti
1114 3764 1352 3892 11111111.ἷῇ

181 3891 261 3960 virg.
279 3893 345 3944 Aen.
363 3891 409 3957 Vl,
425 3896 485 3943 133.
502 3919 537 3929 -
552 3894 711 3959 cupiantque
728 3893 817 3946 dolent
834 3895 1007 3963 gaudentque
1023 3891 1239 3961 SillBssn-gi}
1256 3893 1353 3957 „liber

181 3959 417 4028 antiquissimus“
436 3961 522 4011 Gran.
542 3957 646 4010 lanam.
686 3961 795 4028 capiant
812 3960 951 4030 doleatque
967 3961 1139 4031 gaudentque
1155 3958 1188 4010 F.
1225 3961 1352 4026 eupiunt-

182 4045 233 4096 pne
249 4029 389 4096 dolentque
404 4029 577 4099 gaudentque
594 4026 687 4077 ersa.
724 4029 833 4145 capiant
847 4031 1019 4096 poeniteatque
1036 4030 1175 4093 dolentque
1195 4027 1318 4078 a·erR2.

286 4099 328 4148 12
362 4097 443 4150 least
464 4095 550 4148 G.·-
575 4093 729 4161 etpoliticis
776 4095 940 4148 FRlGle.
993 4097 1074 4148 etde
1090 4094 1206 4161 politicis
1227 4094 1352 4147 anffl.

182 4179 220 4216 ea
234 4163 351 4230 politicis
367 4164 464 4217 i-asr.
482 4187 515 4202 -
533 4167 646 4231 ergoet
668 4160 772 4215 Tollius
788 4163 866 4214 R2G.
884 4190 918 4203 ε-
938 4165 1094 4230 sempiterno
1112 4177 1178 4213 aeon
1194 4159 1226 4212 F.
1245 4187 1277 4200 -
1297 4177 1353 4213 esse

181 4230 298 4285 beandos
312 4232 356 4292 (ia
374 4249 431 4300 mg.
440 4233 507 4300 fieri
525 4232 628 4288 lectos)
646 4227 678 4278 F.
696 4255 732 4268 -
750 4230 962 4291 attitulemus.
980 4236 1048 4291 esse)
1065 4227 1097 4278 F.
1121 4256 1147 4265 -
1172 4228 1205 4279 in
1221 4229 1304 4280 cetura
1319 4228 1351 4280 F.

284 4302 327 4349 1³.
362 4301 537 4368 diffinitione
554 4295 675 4348 11111111.
694 4324 722 4334 -
746 4297 832 4365 inpuil
848 4313 903 4349 om.
922 4297 974 4348 111.
992 4325 1025 4336 -
1047 4295 1169 4350 civitates
1183 4301 1252 4356 (om.
1269 4302 1351 4363 paee)

182 4405 241 4466 14.
262 4415 288 4458 et
309 4425 408 4462 ornnem
429 4415 535 4465 animae
555 4410 741 4480 cogitatio·
792 4408 894 4460 caelare
911 4410 1024 4474 videtur,
1040 4411 1140 4476 quadr
1186 4415 1244 4462 ecte
1259 4415 1285 4461 et
1302 4426 1354 4461 eo-

181 4481 251 4594 :gg
267 4472 299 4596 inp
312 4475 476 4595 splegiosnspa
493 4479 619 4556 dirigere,
637 4483 742 4541 eteap.
793 4471 1027 4594 ffupmdmm
1059 4477 1165 4545 posside
1182 4484 1219 4532 at.
1270 4475 1353 4532 dont.

248 4566 257 4593 2
466 4558 592 4596 “enum
617 4557 743 4609 mm
813 4575 822 4606 5
863 4575 872 4605 2
907 4574 915 4592 r
