2950 4992
616 87 753 160 CAPUT
777 87 830 159 Ν.
1279 115 1337 161 ιιιι

84 259 242 328 plduiora
260 265 355 312 essent
375 261 506 328 leetnque
524 259 674 313 lanitium
703 277 758 312 uon
781 275 846 314 raro
864 259 955 329 igitur
970 259 1085 330 longius
1102 273 1185 329 quem
1203 261 1252 329 qui
1270 267 1336 315 eata

88 361 177 396 eorm
195 344 337 397 Maerobio
360 344 497 398 dederunt
517 361 632 412 operam
654 361 672 396 a
694 344 821 398 oodienm
844 361 928 398 manu
950 345 1119 414 seriptorum
1136 346 1271 399 discessit
1286 363 1337 400 ve-

89 427 218 496 stigiis.
252 428 329 480 idem
353 429 460 482 elarius
485 447 569 496 qnam
590 429 653 483 Nie.
669 429 808 498 Angelius
830 429 878 496 qui
898 430 974 484 tilero
998 432 1082 484 tertio
1100 437 1131 484 et
1148 436 1247 498 quarto
1265 447 1334 484 eoa·

88 513 191 564 nullu
210 512 308 564 deesse
325 515 470 567 adnotavit
493 515 637 582 perspexit
659 530 731 581 qnae
751 513 977 568 saturnaliorum
996 522 1092 584 partes
1114 516 1334 582 intercidissent,

87 595 127 648 id
162 599 234 664 quod
257 607 429 666 apparetur
453 599 490 650 iis
508 615 579 666 qnae
599 599 769 666 subscripsit
788 599 871 650 liltris
889 599 911 651 1.
934 599 971 652 11.
993 601 1037 652 l'L
1059 601 1119 653 vn.
1134 606 1169 653 'et
1190 601 1259 653 litsri
1280 601 1332 653 lll.

90 682 195 749 capiti
214 686 267 748 12,
284 688 313 736 et
329 685 478 752 praemisit
497 685 578 736 libris
597 683 642 734 lv.
662 689 690 735 et
708 685 753 745 V„
771 699 862 751 neque
880 690 973 737 temen
990 701 1115 752 eaquae
1129 683 1334 738 intereiderunt

88 767 243 834 supplere
270 775 389 821 eouatus
413 774 466 821 est.
505 768 641 836 Singulos
665 767 754 820 tidros
776 768 885 835 primns
911 769 1011 823 divisit
1037 771 1066 824 in
1093 771 1202 839 eapite,
1229 769 1333 837 triaque

87 852 263 904 summaria
287 853 435 920 praemisit
458 869 492 904 ea
514 869 585 919 quae
610 853 744 922 leguntur
767 853 796 905 in
820 854 1026 908 recentioribus
1048 853 1222 908 editionibus
1242 855 1334 907 omnl-

87 937 162 989 bus
183 940 217 1003 ⁵).
252 939 333 989 Hane
355 937 490 990 librorum
513 936 541 989 in
565 937 657 1004 eapite
683 937 850 990 divisionem
875 944 905 991 et
926 939 1000 993 irase
1025 939 1180 994 enm-aria
1205 937 1334 1006 neglexit

89 1023 154 1074 Do
164 1028 268 1076 uatus
281 1022 329 1090 qui
338 1021 508 1074 Maenalium
523 1037 594 1072 enno
603 1021 784 1075 noxiam.
797 1021 907 1076 eureeit
918 1025 1110 1078 excudendum
1121 1023 1282 1077 venetiis
1295 1023 1332 1076 in

92 1107 255 1162 aedibus
278 1107 355 1160 dldi
377 1109 431 1173 (a),
460 1123 627 1174 quamquam
647 1106 760 1158 videtur
782 1107 926 1174 cognitam
945 1109 1080 1163 habeisse
1100 1109 1220 1177 primam
1242 1109 1331 1163 Vese-

92 1191 212 1244 liensis
243 1193 402 1246 aditionem.
454 1191 602 1260 Expressit
631 1191 706 1244 enim
733 1191 824 1258 ipatus
850 1193 987 1245 llaerobii
1013 1195 1102 1246 varta
1127 1195 1164 1246 ed
1195 1192 1330 1247 editionis

94 1278 240 1331 luntinue
263 1280 324 1331 tere
345 1279 500 1346 exemptor,
532 1277 581 1328 sed
602 1276 712 1330 Graeca
736 1277 773 1328 ad
790 1277 934 1344 exemplar
949 1275 1083 1328 editionis
1096 1276 1272 1330 coloniensis
1291 1278 1328 1342 1),

94 1363 256 1416 Somnium
276 1363 417 1434 Scipionis
441 1363 539 1415 eodem
565 1362 647 1412 modo
668 1360 799 1414 exhibuit
820 1376 854 1414 ue
872 1360 981 1430 legitur
997 1361 1025 1415 in
1043 1361 1189 1416 Cieeronis
1206 1361 1330 1414 editiora

94 1449 221 1502 Aldina.
254 1449 331 1503 duno
355 1447 520 1502 Muxxxv.
548 1445 722 1498 Basileae
748 1448 822 1514 apud
848 1445 1062 1514 ttervegium
1087 1446 1132 1512 (1ι)
1154 1445 1331 1501 ltaerotiom

97 1534 187 1603 typis
211 1534 427 1587 describendum
451 1529 563 1584 curavit
588 1530 794 1583 loaohimue
818 1530 1056 1595 camerarius,
1081 1531 1130 1599 qui
1148 1531 1246 1584 codiee
1262 1545 1332 1582 oses

95 1627 150 1674 est
168 1637 250 1674 manu
268 1619 390 1687 scripto,
409 1633 426 1668 e
442 1633 497 1682 qno
515 1615 626 1667 Graeca
643 1617 764 1682 protulit
780 1617 869 1669 mutto
884 1615 1040 1684 integriora
1056 1620 1084 1667 et
1103 1615 1165 1685 ipse
1183 1614 1332 1685 scriptoria

98 1708 197 1758 verta
219 1707 309 1758 multo
329 1700 522 1755 emendatiora
543 1700 578 1766 ε).
612 1700 653 1754 Ex
675 1701 730 1754 trac
749 1701 873 1754 editione
891 1701 1055 1770 prodierunt
1074 1702 1220 1770 paululum
1239 1707 1332 1754 mute·

102 1798 157 1843 tae
184 1788 411 1858 Gryphiauee
439 1788 470 1854 (g
494 1783 656 1853 Lugduni
683 1801 757 1840 auno
781 1786 892 1854 lillis).
938 1787 996 1840 Sed
1019 1788 1110 1841 denuo
1134 1785 1278 1842 recensuit
1301 1796 1332 1838 et

102 1874 224 1942 penitus
246 1871 405 1926 emendavit
426 1887 443 1922 e
465 1870 561 1922 eodiee
579 1871 706 1924 Parisino
731 1871 777 1936 ιΡ)
798 1872 973 1926 lluerotium
993 1872 1188 1925 leudericus
1206 1871 1329 1925 Carrio

100 1959 231 2012 resisto
252 1974 279 2011 a.
293 1955 478 2010 uunxxxv.
496 1939 534 2022 (t)
551 1963 717 2022 procurans
735 1957 889 2010 astruo
903 1957 1077 2026 stephano
1095 1957 1143 2025 qn
1159 1958 1188 2011 u
1207 1957 1330 2027 ennon

100 2045 140 2098 ad
160 2045 216 2097 lac.
232 2041 385 2096 Dauesiunr
404 2040 509 2110 scripta
528 2047 556 2092 at
574 2041 608 2092 de
626 2042 711 2096 huius
729 2042 860 2096 editionis
879 2043 989 2096 ratione
1006 2043 1142 2096 disseruit
1160 2050 1190 2096 et
1207 2041 1331 2110 prodidit

101 2130 314 2198 praefationem
350 2135 544 2196 exeerptornm
572 2143 589 2178 e
619 2127 719 2180 libello
750 2128 791 2181 de
825 2128 1051 2182 ditias-antiis
1085 2135 1120 2180 et
1153 2128 1329 2181 soeietate

104 2215 231 2269 (trasei
246 2213 441 2281 Latinique
458 2211 567 2276 verti,
586 2228 657 2279 quae
673 2212 786 2282 integro
801 2213 929 2267 editurus
944 2213 1056 2277 stov),
1073 2213 1123 2264 sed
1134 2213 1329 2263 annotemum

103 2307 515 2322 *uuum-

178 2351 204 2414 ⁶)
222 2349 346 2416 Apparet
364 2362 475 2398 errasse
493 2345 630 2397 Zenninnr
649 2347 722 2398 haee
739 2345 894 2398 summaria
911 2345 1071 2396 studentem
1093 2342 1244 2397 emendare
1259 2347 1332 2394 tam·

125 2433 190 2472 uam
208 2418 244 2468 ab
264 2418 326 2481 ipsu
343 2413 489 2464 Maeeobio
506 2412 648 2478 proiecta,
677 2419 709 2464 nt
728 2429 792 2480 pag.
811 2417 888 2475 seo,
915 2413 964 2463 ont
986 2411 1015 2460 iu
1033 2409 1276 2463 animadversione
1295 2409 1331 2459 ad

105 2435 214 2538 ilerum
230 2484 281 2536 lib.
299 2481 337 2532 11.
355 2495 416 2545 eap.
430 2485 455 2530 9.
473 2481 672 2530 summarium:
692 2479 907 2543 ‚‚(lonsuetndo,
925 2479 1032 2544 iuquit,
1049 2476 1189 2529 llaorobii
1206 2477 1333 2542 postulat

107 2553 230 2620 (inspice
250 2563 350 2601 omnes
364 2547 483 2606 titulant,
504 2554 534 2596 ut
550 2554 616 2596 aute
635 2548 764 2611 quomedo
783 2545 923 2597 inseratur
941 2544 1081 2610 particula
1098 2544 1283 2611 copulandi,“
1304 2549 1333 2594 et

109 2637 175 2687 pag.
198 2621 261 2668 833.
285 2614 321 2664 ad
341 2611 402 2663 Sat.
427 2613 479 2662 no.
504 2612 534 2660 V.
557 2627 619 2679 cup.
647 2617 670 2662 1.
693 2614 891 2664 summarinmz
916 2613 987 2676 „Ed
1004 2619 1058 2665 vet.
1078 2629 1133 2666 noa
1155 2613 1230 2664 mate
1246 2611 1333 2663 lnabet

114 2689 191 2739 'l'am
211 2685 244 2734 de
261 2687 376 2746 qaetmr
390 2683 444 2730 ete.
477 2674 547 2728 Nam
566 2684 660 2731 noster
681 2681 818 2748 asyndetu
836 2697 889 2732 non
905 2682 1011 2733 amet.“

184 2752 210 2812 ⁷)
233 2749 386 2798 Donatus
407 2745 435 2796 iu
457 2745 579 2812 epistole
597 2748 631 2798 ad
651 2745 732 2815 Bapt.
755 2748 957 2801 Rhamnusium
982 2762 1065 2815 qnam
1086 2746 1234 2814 preemieit
1255 2745 1329 2800 nileil

114 2815 253 2869 eiusmodi
271 2812 478 2882 pronuntiavit,
503 2815 552 2864 sed
573 2820 694 2866 tautum:
721 2816 916 2880 ‚,lleerotins,
944 2817 1049 2883 iuquit,
1067 2815 1116 2882 qui
1133 2823 1229 2868 nostra
1245 2830 1331 2883 opera

116 2886 249 2949 deinceps
268 2881 441 2933 emendatior
459 2886 503 2932 est
527 2882 692 2935 habeudns“
710 2891 778 2936 oete
806 2890 837 2936 at
856 2884 942 2938 iidem
962 2885 1024 2936 tere
1040 2899 1140 2935 versus
1157 2884 1260 2935 Graeci
1281 2883 1331 2949 qni

115 2956 144 3006 in
167 2947 381 3002 coloniensibus
409 2950 542 3016 leguntur
566 2951 593 3002 iu
620 2952 746 3004 editione
770 2952 881 3004 Aldine.
915 2953 1003 3005 Penei
1029 2951 1058 3004 iu
1084 2952 1140 3003 heo
1163 2951 1332 3003 omittuntur

113 3021 162 3089 qui
180 3019 314 3085 leguntur
331 3017 359 3068 in
377 3016 467 3069 altera
483 3027 560 3069 eerte
578 3018 755 3084 Coloniensi,
774 3028 815 3080 ‘ut
832 3021 885 3074 lite.
904 3020 933 3071 V.
955 3037 1017 3088 eap.
1029 3023 1088 3071 dtu
1116 3025 1215 3070 eontra
1231 3018 1283 3070 etii
1300 3018 1330 3068 iu

114 3106 147 3142 ee
165 3090 313 3154 leguntur,
330 3085 403 3136 haud
423 3085 482 3136 seio
496 3101 531 3138 en
551 3103 566 3137 e
583 3087 665 3140 tibris
683 3105 751 3140 mss.
773 3088 878 3147 additi,
899 3104 971 3154 quae
988 3086 1184 3139 desiderantur
1199 3086 1228 3138 in
1247 3085 1331 3136 Colo-

114 3155 267 3216 aiensibus,
284 3160 316 3204 ut
332 3153 382 3204 tin.
400 3152 442 3215 V„
461 3168 521 3220 sap.
539 3158 581 3205 2⁰.
600 3154 613 3220 5
631 3160 675 3217 a.;
695 3155 743 3208 111).
763 3157 832 3218 tlt,
850 3171 912 3222 eap.
929 3158 954 3206 d.
974 3157 988 3219 t
1006 3160 1048 3218 e.;
1063 3169 1125 3220 eap.
1144 3157 1183 3205 td.
1203 3153 1218 3219 5
1235 3157 1279 3206 28.

183 3223 209 3284 ⁰)
228 3221 308 3272 Geni.
330 3219 502 3287 1ιι1ιαίῦαιι.
525 3221 583 3281 tl.)
606 3222 782 3290 epigramma
803 3222 935 3276 editionis
952 3223 1037 3275 titulo
1055 3222 1193 3274 insertum
1211 3227 1241 3272 et
1260 3236 1332 3286 qnae

34 3314 37 3319 ·
116 3295 143 3345 in
162 3290 284 3357 epistota
302 3290 337 3340 ad
356 3287 474 3339 Paulum
494 3289 597 3340 Boron.
623 3291 658 3339 ud
675 3291 932 3358 Sehuarteeetterg
955 3289 1072 3356 seripsit
1090 3287 1330 3340 camerarium

115 3359 202 3426 „Cum
218 3357 293 3408 enim
311 3370 373 3407 mea
392 3357 486 3422 opella
504 3371 558 3407 nou
576 3355 647 3407 nihil
663 3373 754 3410 essem
769 3359 919 3426 aliquando
937 3358 966 3408 in
978 3355 1161 3407 Macrobiaoo
1177 3355 1258 3418 quasi
1272 3355 1332 3405 rui-

117 3443 183 3480 noso
203 3424 299 3477 codiee
317 3421 530 3486 architectatus,
548 3429 577 3474 et
594 3424 765 3477 neeessisset
782 3433 879 3492 postea
896 3426 975 3477 velut
992 3421 1106 3474 fabrilis
1121 3421 1230 3486 aliquot
1244 3420 1333 3472 litero-

117 3511 177 3547 rnm
196 3509 229 3544 ex
250 3489 372 3556 antiquis
386 3490 553 3555 quibusdam
572 3491 658 3543 eartis
677 3509 789 3555 manue,
815 3507 1014 3560 speraremqua
1031 3505 1094 3540 euru
1113 3489 1148 3542 ad
1166 3489 1333 3542 detentatio-

119 3579 179 3616 nem
197 3566 255 3612 tum
272 3559 446 3610 commodum
464 3557 607 3624 publienrn
626 3575 695 3625 opne
713 3560 783 3611 iilud
801 3577 817 3613 a
832 3578 878 3612 me
895 3558 991 3626 perilot
1013 3573 1109 3624 posset
1124 3556 1243 3610 allatum
1260 3558 1333 3610 mihi

120 3629 183 3692 luit,
200 3633 231 3678 ut
246 3626 429 3692 inoperatum,
448 3625 489 3676 ita
507 3626 706 3691 pulcerrimum
721 3634 750 3680 et
767 3629 916 3680 maximum
934 3627 1125 3678 adiumentum
1138 3626 1243 3679 veteris
1260 3629 1334 3680 alte-

120 3697 177 3750 rins
196 3691 319 3754 codicis,
347 3691 375 3743 ie
394 3709 448 3758 quo
468 3693 544 3761 pieni
561 3710 657 3745 omnes
675 3695 770 3746 hiatus
788 3700 905 3760 essent,
925 3695 974 3747 ulti
996 3694 1026 3746 iu
1049 3694 1175 3764 vulgatis
1196 3695 1334 3760 exemplis

122 3765 229 3816 Graeca
252 3760 456 3812 deriderentur.
491 3762 571 3826 Quae
587 3768 677 3814 tamen
697 3763 873 3815 eoneinnetio
890 3763 1029 3815 eiusmodi
1048 3772 1121 3826 erat,
1139 3768 1171 3814 ut
1188 3763 1333 3828 ingenium

122 3849 173 3884 nou
202 3845 319 3897 prorsus
340 3828 444 3893 trebes,
473 3828 639 3881 industriam
662 3845 730 3881 nero
754 3837 784 3882 et
803 3832 928 3884 tenorem
951 3831 1124 3898 singularem
1148 3831 1263 3882 evidens
1285 3831 1335 3880 de-

122 3897 236 3966 scriptio
259 3896 422 3963 postularet.
458 3895 584 3964 Exorata¹
605 3895 679 3949 enim
706 3899 800 3951 omnia
827 3907 905 3953 eraut
926 3899 1109 3967 semigrueeis
1135 3897 1242 3958 literis,
1273 3895 1335 3948 siue

123 3966 248 4034 apicibus
272 3963 389 4028 sineque
409 3963 572 4015 discrimine
594 3980 708 4031 voenm,
732 3973 764 4019 nt
787 3967 968 4019 divinando·
990 3983 1045 4017 nuo
1066 3966 1232 4030 plerumque
1250 3978 1335 4015 versu

124 4037 156 4088 de
166 4032 290 4100 reliquis
308 4037 392 4084 esset.
426 4031 518 4083 Huius
536 4032 601 4083 libri
617 4033 699 4100 eopia
714 4034 790 4086 laete
805 4034 877 4087 mint
894 4035 988 4086 inerat
1002 4048 1019 4083 ιι
1032 4029 1168 4082 tostino
1179 4029 1334 4084 (iobtero

124 4102 212 4156 sorita
226 4098 437 4162 confluentino,
453 4099 527 4161 viro,
544 4106 575 4151 nt
591 4107 722 4168 apparat,
741 4119 794 4154 non
809 4103 903 4154 solum
921 4099 1099 4160 doctissimo,
1113 4095 1163 4151 sed
1182 4094 1267 4148 etiam
1286 4115 1336 4152 eu·

142 4169 266 4223 idissime
285 4167 460 4233 publicorum
480 4169 696 4221 commodorum.
783 4168 813 4220 is
830 4169 892 4220 sive
909 4165 1038 4217 andierat
1055 4163 1090 4213 de
1107 4161 1213 4214 uostris
1229 4168 1338 4220 eonati·

124 4189 173 4290 lus
187 4235 311 4310 aliquid,
328 4235 389 4286 sive
407 4241 525 4300 putaret¹
537 4237 698 4288 excitandos
715 4236 798 4297 illos,
815 4235 895 4286 misit
912 4247 975 4282 euru
993 4245 1076 4294 quem
1093 4227 1214 4282 diximus
1234 4234 1338 4290 tibrum

125 4304 216 4371 nohis,
243 4302 304 4366 eui,
334 4303 359 4355 si
377 4303 444 4370 quid
464 4321 497 4354 ex
516 4302 570 4354 hee
588 4302 724 4354 lluorobii
738 4300 863 4352 editione
881 4297 1017 4350 utilitatis
1033 4295 1242 4368 voluptatisque
1256 4320 1339 4372 sepe.

125 4373 178 4427 rint
194 4370 325 4435 studiosi,
342 4372 441 4422 bouum
462 4371 543 4421 illius
563 4375 670 4435 partem
689 4372 835 4431 acceptam
853 4365 960 4417 reterre
978 4364 1146 4418 detrahunt.“

189 4442 216 4505 ⁹)
233 4437 313 4491 (tout.
335 4439 434 4492 llenr.
456 4437 629 4504 Stephani
649 4433 850 4502 epistotamad
869 4433 926 4486 leo.
945 4431 1096 4486 Danesiuru
1114 4434 1262 4504 seriptum,
1290 4437 1339 4490 uti

127 4509 256 4577 leguntur
269 4506 387 4560 haeeeee
409 4504 511 4571 „Siout
526 4503 670 4556 duratium
686 4499 859 4554 llaerotsium
875 4500 940 4556 deli
953 4500 1042 4557 Gellii
1059 4503 1139 4558 velut
1155 4507 1293 4560 asseetaur
1310 4504 1339 4555 tu
