<?xml version="1.0" encoding="UTF-8"?>
<!DOCTYPE html PUBLIC "-//W3C//DTD XHTML 1.0 Transitional//EN"
    "http://www.w3.org/TR/xhtml1/DTD/xhtml1-transitional.dtd">
<html xmlns="http://www.w3.org/1999/xhtml" xml:lang="en" lang="en">
 <head>
  <title>
</title>
<meta http-equiv="Content-Type" content="text/html;charset=utf-8" />
  <meta name='ocr-system' content='tesseract 3.04.00' />
  <meta name='ocr-capabilities' content='ocr_page ocr_carea ocr_par ocr_line ocrx_word'/>
</head>
<body>
  <div class='ocr_page' id='page_1' title='image "./macrobiiambrosi02jangoog_0218.png"; bbox 0 0 2950 4992; ppageno 0'>
   <div class='ocr_carea' id='block_1_1' title="bbox 384 150 1771 220">
    <p class='ocr_par' dir='ltr' id='par_1_1' title="bbox 384 150 1771 220">
     <span class='ocr_line' id='line_1_1' title="bbox 384 150 1771 220; baseline -0.001 0"><span class='ocrx_word' id='word_1_1' title='bbox 384 155 470 220; x_wconf 82' lang='lat'><strong>94</strong></span> <span class='ocrx_word' id='word_1_2' title='bbox 1262 174 1270 190; x_wconf 66' lang='lat'>⁸</span> <span class='ocrx_word' id='word_1_3' title='bbox 1354 150 1771 219; x_wconf 84' lang='lat' dir='ltr'><strong>MACROBII</strong></span> 
     </span>
    </p>
   </div>
   <div class='ocr_carea' id='block_1_2' title="bbox 289 321 2730 2620">
    <p class='ocr_par' dir='ltr' id='par_1_2' title="bbox 289 321 2730 2620">
     <span class='ocr_line' id='line_1_2' title="bbox 555 321 2723 408; baseline 0.002 -18"><span class='ocrx_word' id='word_1_4' title='bbox 555 323 752 390; x_wconf 84' lang='lat' dir='ltr'><strong>xvfl.</strong></span> <span class='ocrx_word' id='word_1_5' title='bbox 836 323 1005 389; x_wconf 82' lang='lat' dir='ltr'><strong>Haeo</strong></span> <span class='ocrx_word' id='word_1_6' title='bbox 1045 341 1200 387; x_wconf 74' lang='lat' dir='ltr'><strong>eum</strong></span> <span class='ocrx_word' id='word_1_7' title='bbox 1253 321 1557 408; x_wconf 82' lang='lat' dir='ltr'><strong>Scipionis</strong></span> <span class='ocrx_word' id='word_1_8' title='bbox 1612 328 1868 408; x_wconf 84' lang='lat' dir='ltr'><strong>optutus</strong></span> <span class='ocrx_word' id='word_1_9' title='bbox 1925 345 2049 389; x_wconf 88' lang='lat' dir='ltr'><strong>non</strong></span> <span class='ocrx_word' id='word_1_10' title='bbox 2104 325 2238 391; x_wconf 87' lang='lat' dir='ltr'><strong>sine</strong></span> <span class='ocrx_word' id='word_1_11' title='bbox 2298 327 2723 396; x_wconf 72' lang='lat' dir='ltr'><strong>ammiratione</strong></span> 
     </span>
     <span class='ocr_line' id='line_1_3' title="bbox 289 409 2724 495; baseline 0.002 -21"><span class='ocrx_word' id='word_1_12' title='bbox 289 423 758 495; x_wconf 72' lang='lat' dir='ltr'><strong>[salpereurrens</strong></span> <span class='ocrx_word' id='word_1_13' title='bbox 803 409 879 473; x_wconf 87' lang='lat' dir='ltr'><strong>ad</strong></span> <span class='ocrx_word' id='word_1_14' title='bbox 923 416 1117 472; x_wconf 86' lang='lat' dir='ltr'><strong>terras</strong></span> <span class='ocrx_word' id='word_1_15' title='bbox 1157 429 1356 492; x_wconf 88' lang='lat' dir='ltr'><strong>usque</strong></span> <span class='ocrx_word' id='word_1_16' title='bbox 1414 409 1692 474; x_wconf 81' lang='lat' dir='ltr'><strong>fluxisset</strong></span> <span class='ocrx_word' id='word_1_17' title='bbox 1732 417 1794 473; x_wconf 89' lang='lat' dir='ltr'><strong>et</strong></span> <span class='ocrx_word' id='word_1_18' title='bbox 1839 409 1962 473; x_wconf 76' lang='lat' dir='ltr'><strong>imo</strong></span> <span class='ocrx_word' id='word_1_19' title='bbox 2006 409 2368 478; x_wconf 73' lang='lat' dir='ltr'><strong>familiarius</strong></span> <span class='ocrx_word' id='word_1_20' title='bbox 2412 413 2724 493; x_wconf 79' lang='lat' dir='ltr'><strong>haesisset,</strong></span> 
     </span>
     <span class='ocr_line' id='line_1_4' title="bbox 391 492 2726 580; baseline 0.002 -20"><span class='ocrx_word' id='word_1_21' title='bbox 391 516 603 565; x_wconf 87' lang='lat' dir='ltr'><strong>rursus</strong></span> <span class='ocrx_word' id='word_1_22' title='bbox 642 494 737 558; x_wconf 89' lang='lat' dir='ltr'><strong>avi</strong></span> <span class='ocrx_word' id='word_1_23' title='bbox 780 493 1020 558; x_wconf 85' lang='lat' dir='ltr'><strong>monitu</strong></span> <span class='ocrx_word' id='word_1_24' title='bbox 1063 492 1137 556; x_wconf 90' lang='lat' dir='ltr'><strong>ad</strong></span> <span class='ocrx_word' id='word_1_25' title='bbox 1183 493 1498 578; x_wconf 79' lang='lat' dir='ltr'><strong>superiora</strong></span> <span class='ocrx_word' id='word_1_26' title='bbox 1540 502 1862 560; x_wconf 80' lang='lat' dir='ltr'><strong>revocatus</strong></span> <span class='ocrx_word' id='word_1_27' title='bbox 1900 503 1996 558; x_wconf 85' lang='lat' dir='ltr'><strong>est</strong></span> <span class='ocrx_word' id='word_1_28' title='bbox 2037 496 2236 580; x_wconf 88' lang='lat' dir='ltr'><strong>ipsum</strong></span> <span class='ocrx_word' id='word_1_29' title='bbox 2282 520 2316 563; x_wconf 90' lang='lat' dir='ltr'><strong>a</strong></span> <span class='ocrx_word' id='word_1_30' title='bbox 2359 499 2508 563; x_wconf 84' lang='lat' dir='ltr'><strong>caeli</strong></span> <span class='ocrx_word' id='word_1_31' title='bbox 2551 521 2726 565; x_wconf 82' lang='lat' dir='ltr'><strong>exor-</strong></span> 
     </span>
     <span class='ocr_line' id='line_1_5' title="bbox 329 577 2730 664; baseline 0.002 -20"><span class='ocrx_word' id='word_1_32' title='bbox 329 581 493 651; x_wconf 76' lang='lat' dir='ltr'><strong>2dio</strong></span> <span class='ocrx_word' id='word_1_33' title='bbox 538 578 933 664; x_wconf 79' lang='lat' dir='ltr'><strong>sphaerarum</strong></span> <span class='ocrx_word' id='word_1_34' title='bbox 982 577 1259 642; x_wconf 88' lang='lat' dir='ltr'><strong>ordinem</strong></span> <span class='ocrx_word' id='word_1_35' title='bbox 1315 578 1376 656; x_wconf 81' lang='lat' dir='ltr'><strong>in</strong></span> <span class='ocrx_word' id='word_1_36' title='bbox 1419 578 1570 644; x_wconf 85' lang='lat' dir='ltr'><strong>haec</strong></span> <span class='ocrx_word' id='word_1_37' title='bbox 1615 580 1797 644; x_wconf 77' lang='lat' dir='ltr'><strong>verba</strong></span> <span class='ocrx_word' id='word_1_38' title='bbox 1843 583 2271 647; x_wconf 87' lang='lat' dir='ltr'><strong>monstrantis:</strong></span> <span class='ocrx_word' id='word_1_39' title='bbox 2351 585 2573 650; x_wconf 86' lang='lat' dir='ltr'><strong>Novem</strong></span> <span class='ocrx_word' id='word_1_40' title='bbox 2624 587 2730 651; x_wconf 86' lang='lat' dir='ltr'><strong>tibi</strong></span> 
     </span>
     <span class='ocr_line' id='line_1_6' title="bbox 391 663 2725 761; baseline 0.002 -31"><span class='ocrx_word' id='word_1_41' title='bbox 391 667 627 754; x_wconf 78' lang='lat' dir='ltr'><strong>orbibus</strong></span> <span class='ocrx_word' id='word_1_42' title='bbox 664 664 757 761; x_wconf 59' lang='lat' dir='ltr'><strong>‘eet</strong></span> <span class='ocrx_word' id='word_1_43' title='bbox 786 664 993 749; x_wconf 76' lang='lat' dir='ltr'><strong>potius</strong></span> <span class='ocrx_word' id='word_1_44' title='bbox 1033 663 1218 748; x_wconf 69' lang='lat' dir='ltr'><strong>ytobis</strong></span> <span class='ocrx_word' id='word_1_45' title='bbox 1262 685 1490 729; x_wconf 77' lang='lat' dir='ltr'><strong>conexa</strong></span> <span class='ocrx_word' id='word_1_46' title='bbox 1522 677 1661 729; x_wconf 86' lang='lat' dir='ltr'><strong>sunt</strong></span> <span class='ocrx_word' id='word_1_47' title='bbox 1703 667 1934 740; x_wconf 84' lang='lat' dir='ltr'><strong>omnia,</strong></span> <span class='ocrx_word' id='word_1_48' title='bbox 1979 688 2232 752; x_wconf 78' lang='lat' dir='ltr'><strong>quorum</strong></span> <span class='ocrx_word' id='word_1_49' title='bbox 2270 690 2432 732; x_wconf 77' lang='lat' dir='ltr'><strong>unus</strong></span> <span class='ocrx_word' id='word_1_50' title='bbox 2476 683 2557 734; x_wconf 89' lang='lat' dir='ltr'><strong>est</strong></span> <span class='ocrx_word' id='word_1_51' title='bbox 2597 693 2725 736; x_wconf 86' lang='lat' dir='ltr'><strong>cae-</strong></span> 
     </span>
     <span class='ocr_line' id='line_1_7' title="bbox 389 748 2725 839; baseline 0.002 -24"><span class='ocrx_word' id='word_1_52' title='bbox 389 752 575 826; x_wconf 85' lang='lat' dir='ltr'><strong>lestis,</strong></span> <span class='ocrx_word' id='word_1_53' title='bbox 629 760 908 823; x_wconf 73' lang='lat' dir='ltr'><strong>extimus,</strong></span> <span class='ocrx_word' id='word_1_54' title='bbox 950 750 1058 832; x_wconf 66' lang='lat' dir='ltr'><strong>qui</strong></span> <span class='ocrx_word' id='word_1_55' title='bbox 1096 748 1354 833; x_wconf 81' lang='lat' dir='ltr'><strong>reliquos</strong></span> <span class='ocrx_word' id='word_1_56' title='bbox 1394 771 1593 814; x_wconf 83' lang='lat' dir='ltr'><strong>omnes</strong></span> <span class='ocrx_word' id='word_1_57' title='bbox 1635 751 2048 836; x_wconf 81' lang='lat' dir='ltr'><strong>conplectitur,</strong></span> <span class='ocrx_word' id='word_1_58' title='bbox 2093 774 2355 816; x_wconf 68' lang='lat' dir='ltr'><strong>sumimus</strong></span> <span class='ocrx_word' id='word_1_59' title='bbox 2398 755 2526 839; x_wconf 81' lang='lat' dir='ltr'><strong>ipse</strong></span> <span class='ocrx_word' id='word_1_60' title='bbox 2561 756 2725 832; x_wconf 83' lang='lat' dir='ltr'><strong>deus,</strong></span> 
     </span>
     <span class='ocr_line' id='line_1_8' title="bbox 391 834 2726 924; baseline 0.002 -24"><span class='ocrx_word' id='word_1_61' title='bbox 391 858 601 900; x_wconf 86' lang='lat' dir='ltr'><strong>arcens</strong></span> <span class='ocrx_word' id='word_1_62' title='bbox 650 845 703 898; x_wconf 88' lang='lat' dir='ltr'><strong>et</strong></span> <span class='ocrx_word' id='word_1_63' title='bbox 749 834 1053 896; x_wconf 80' lang='lat' dir='ltr'><strong>continens</strong></span> <span class='ocrx_word' id='word_1_64' title='bbox 1100 843 1343 909; x_wconf 86' lang='lat' dir='ltr'><strong>ceteros,</strong></span> <span class='ocrx_word' id='word_1_65' title='bbox 1426 836 1494 898; x_wconf 89' lang='lat' dir='ltr'><strong>in</strong></span> <span class='ocrx_word' id='word_1_66' title='bbox 1543 855 1658 921; x_wconf 76' lang='lat' dir='ltr'><strong>quo</strong></span> <span class='ocrx_word' id='word_1_67' title='bbox 1708 847 1850 900; x_wconf 76' lang='lat' dir='ltr'><strong>simt</strong></span> <span class='ocrx_word' id='word_1_68' title='bbox 1901 836 2088 921; x_wconf 62' lang='lat' dir='ltr'><strong>infieri</strong></span> <span class='ocrx_word' id='word_1_69' title='bbox 2125 838 2219 900; x_wconf 82' lang='lat' dir='ltr'><strong>illi</strong></span> <span class='ocrx_word' id='word_1_70' title='bbox 2257 839 2364 924; x_wconf 82' lang='lat' dir='ltr'><strong>qui</strong></span> <span class='ocrx_word' id='word_1_71' title='bbox 2402 840 2726 905; x_wconf 74' lang='lat' dir='ltr'><strong>volvuntur</strong></span> 
     </span>
     <span class='ocr_line' id='line_1_9' title="bbox 330 919 2728 1009; baseline 0.001 -24"><span class='ocrx_word' id='word_1_72' title='bbox 330 927 370 994; x_wconf 82' lang='lat'><strong>3</strong></span> <span class='ocrx_word' id='word_1_73' title='bbox 388 921 687 986; x_wconf 80' lang='lat' dir='ltr'><strong>stellarum</strong></span> <span class='ocrx_word' id='word_1_74' title='bbox 718 939 927 982; x_wconf 77' lang='lat' dir='ltr'><strong>cursus</strong></span> <span class='ocrx_word' id='word_1_75' title='bbox 960 919 1317 1003; x_wconf 77' lang='lat' dir='ltr'><strong>sempiterni.</strong></span> <span class='ocrx_word' id='word_1_76' title='bbox 1389 920 1557 984; x_wconf 83' lang='lat' dir='ltr'><strong>Huic</strong></span> <span class='ocrx_word' id='word_1_77' title='bbox 1577 921 1824 985; x_wconf 78' lang='lat' dir='ltr'><strong>subiecti</strong></span> <span class='ocrx_word' id='word_1_78' title='bbox 1852 931 1993 984; x_wconf 85' lang='lat' dir='ltr'><strong>sunt</strong></span> <span class='ocrx_word' id='word_1_79' title='bbox 2023 932 2238 1008; x_wconf 78' lang='lat' dir='ltr'><strong>septem</strong></span> <span class='ocrx_word' id='word_1_80' title='bbox 2271 924 2378 1009; x_wconf 77' lang='lat' dir='ltr'><strong>qui</strong></span> <span class='ocrx_word' id='word_1_81' title='bbox 2407 937 2728 990; x_wconf 72' lang='lat' dir='ltr'><strong>versantur</strong></span> 
     </span>
     <span class='ocr_line' id='line_1_10' title="bbox 389 1003 2724 1096; baseline 0.001 -25"><span class='ocrx_word' id='word_1_82' title='bbox 389 1017 579 1080; x_wconf 88' lang='lat' dir='ltr'><strong>retro,</strong></span> <span class='ocrx_word' id='word_1_83' title='bbox 647 1003 950 1067; x_wconf 87' lang='lat' dir='ltr'><strong>contrario</strong></span> <span class='ocrx_word' id='word_1_84' title='bbox 991 1013 1155 1066; x_wconf 86' lang='lat' dir='ltr'><strong>motu</strong></span> <span class='ocrx_word' id='word_1_85' title='bbox 1198 1015 1261 1067; x_wconf 90' lang='lat' dir='ltr'><strong>at</strong></span> <span class='ocrx_word' id='word_1_86' title='bbox 1410 1006 1655 1071; x_wconf 83' lang='lat' dir='ltr'><strong>caelum.</strong></span> <span class='ocrx_word' id='word_1_87' title='bbox 1736 1007 1799 1068; x_wconf 91' lang='lat' dir='ltr'><em>E</em></span> <span class='ocrx_word' id='word_1_88' title='bbox 1835 1007 2046 1090; x_wconf 76' lang='lat' dir='ltr'><strong>quibus</strong></span> <span class='ocrx_word' id='word_1_89' title='bbox 2086 1029 2277 1071; x_wconf 83' lang='lat' dir='ltr'><strong>unum</strong></span> <span class='ocrx_word' id='word_1_90' title='bbox 2314 1009 2546 1093; x_wconf 77' lang='lat' dir='ltr'><strong>qlobwm</strong></span> <span class='ocrx_word' id='word_1_91' title='bbox 2584 1033 2724 1096; x_wconf 84' lang='lat' dir='ltr'><strong>pos·</strong></span> 
     </span>
     <span class='ocr_line' id='line_1_11' title="bbox 389 1088 2724 1172; baseline 0.002 -17"><span class='ocrx_word' id='word_1_92' title='bbox 389 1091 540 1156; x_wconf 83' lang='lat' dir='ltr'><strong>sidet</strong></span> <span class='ocrx_word' id='word_1_93' title='bbox 576 1089 681 1152; x_wconf 84' lang='lat' dir='ltr'><strong>illa</strong></span> <span class='ocrx_word' id='word_1_94' title='bbox 721 1109 900 1172; x_wconf 80' lang='lat' dir='ltr'><strong>quam</strong></span> <span class='ocrx_word' id='word_1_95' title='bbox 936 1088 1005 1150; x_wconf 85' lang='lat' dir='ltr'><strong>in</strong></span> <span class='ocrx_word' id='word_1_96' title='bbox 1041 1088 1220 1151; x_wconf 86' lang='lat' dir='ltr'><strong>terris</strong></span> <span class='ocrx_word' id='word_1_97' title='bbox 1308 1092 1615 1155; x_wconf 81' lang='lat' dir='ltr'><strong>aturniam</strong></span> <span class='ocrx_word' id='word_1_98' title='bbox 1646 1092 1992 1155; x_wconf 71' lang='lat' dir='ltr'><strong>nominant:</strong></span> <span class='ocrx_word' id='word_1_99' title='bbox 2047 1092 2260 1156; x_wconf 74' lang='lat' dir='ltr'><strong>deinde</strong></span> <span class='ocrx_word' id='word_1_100' title='bbox 2299 1105 2380 1158; x_wconf 90' lang='lat' dir='ltr'><strong>est</strong></span> <span class='ocrx_word' id='word_1_101' title='bbox 2417 1095 2724 1160; x_wconf 78' lang='lat' dir='ltr'><strong>hominum</strong></span> 
     </span>
     <span class='ocr_line' id='line_1_12' title="bbox 387 1173 2722 1261; baseline 0.002 -22"><span class='ocrx_word' id='word_1_102' title='bbox 387 1175 599 1260; x_wconf 73' lang='lat' dir='ltr'><strong>qeneri</strong></span> <span class='ocrx_word' id='word_1_103' title='bbox 624 1193 958 1259; x_wconf 82' lang='lat' dir='ltr'><strong>prosperus</strong></span> <span class='ocrx_word' id='word_1_104' title='bbox 999 1182 1052 1236; x_wconf 91' lang='lat' dir='ltr'><strong>et</strong></span> <span class='ocrx_word' id='word_1_105' title='bbox 1086 1173 1371 1237; x_wconf 73' lang='lat' dir='ltr'><strong>salutaris</strong></span> <span class='ocrx_word' id='word_1_106' title='bbox 1418 1175 1518 1239; x_wconf 84' lang='lat' dir='ltr'><strong>ille</strong></span> <span class='ocrx_word' id='word_1_107' title='bbox 1549 1176 1756 1259; x_wconf 73' lang='lat' dir='ltr'><strong>fulqor</strong></span> <span class='ocrx_word' id='word_1_108' title='bbox 1801 1177 1911 1261; x_wconf 79' lang='lat' dir='ltr'><strong>qui</strong></span> <span class='ocrx_word' id='word_1_109' title='bbox 1945 1176 2168 1240; x_wconf 79' lang='lat' dir='ltr'><strong>dicitnr</strong></span> <span class='ocrx_word' id='word_1_110' title='bbox 2205 1178 2404 1243; x_wconf 82' lang='lat' dir='ltr'><strong>Iovis:</strong></span> <span class='ocrx_word' id='word_1_111' title='bbox 2453 1191 2574 1243; x_wconf 81' lang='lat' dir='ltr'><strong>tum</strong></span> <span class='ocrx_word' id='word_1_112' title='bbox 2615 1203 2722 1244; x_wconf 80' lang='lat' dir='ltr'><strong>ru-</strong></span> 
     </span>
     <span class='ocr_line' id='line_1_13' title="bbox 388 1258 2723 1354; baseline 0.001 -28"><span class='ocrx_word' id='word_1_113' title='bbox 388 1259 544 1326; x_wconf 68' lang='lat' dir='ltr'><strong>tetw‘</strong></span> <span class='ocrx_word' id='word_1_114' title='bbox 568 1258 986 1354; x_wconf 61' lang='lat' dir='ltr'><strong>horribilisque</strong></span> <span class='ocrx_word' id='word_1_115' title='bbox 1038 1259 1217 1322; x_wconf 79' lang='lat' dir='ltr'><strong>terris</strong></span> <span class='ocrx_word' id='word_1_116' title='bbox 1269 1279 1437 1343; x_wconf 76' lang='lat' dir='ltr'><strong>quem</strong></span> <span class='ocrx_word' id='word_1_117' title='bbox 1474 1261 1766 1326; x_wconf 86' lang='lat' dir='ltr'><strong>Martium</strong></span> <span class='ocrx_word' id='word_1_118' title='bbox 1807 1261 2004 1325; x_wconf 84' lang='lat' dir='ltr'><strong>dicitis</strong></span> <span class='ocrx_word' id='word_1_119' title='bbox 2019 1283 2042 1325; x_wconf 91' lang='grc'><strong>.·</strong></span> <span class='ocrx_word' id='word_1_120' title='bbox 2117 1262 2333 1326; x_wconf 80' lang='lat' dir='ltr'><strong>deinde</strong></span> <span class='ocrx_word' id='word_1_121' title='bbox 2377 1265 2572 1328; x_wconf 80' lang='lat' dir='ltr'><strong>subter</strong></span> <span class='ocrx_word' id='word_1_122' title='bbox 2606 1287 2723 1329; x_wconf 83' lang='lat' dir='ltr'><strong>me-</strong></span> 
     </span>
     <span class='ocr_line' id='line_1_14' title="bbox 390 1344 2723 1431; baseline 0.002 -21"><span class='ocrx_word' id='word_1_123' title='bbox 390 1347 555 1410; x_wconf 82' lang='lat' dir='ltr'><strong>diam</strong></span> <span class='ocrx_word' id='word_1_124' title='bbox 588 1345 718 1428; x_wconf 84' lang='lat' dir='ltr'><strong>sere</strong></span> <span class='ocrx_word' id='word_1_125' title='bbox 753 1363 1055 1426; x_wconf 65' lang='lat' dir='ltr'><strong>regionem</strong></span> <span class='ocrx_word' id='word_1_126' title='bbox 1087 1344 1178 1406; x_wconf 79' lang='lat' dir='ltr'><strong>sol</strong></span> <span class='ocrx_word' id='word_1_127' title='bbox 1213 1345 1466 1429; x_wconf 85' lang='lat' dir='ltr'><strong>optinet,</strong></span> <span class='ocrx_word' id='word_1_128' title='bbox 1509 1346 1640 1409; x_wconf 77' lang='lat' dir='ltr'><strong>dux</strong></span> <span class='ocrx_word' id='word_1_129' title='bbox 1680 1356 1733 1409; x_wconf 89' lang='lat' dir='ltr'><strong>et</strong></span> <span class='ocrx_word' id='word_1_130' title='bbox 1755 1347 2044 1431; x_wconf 82' lang='lat' dir='ltr'><strong>princeps</strong></span> <span class='ocrx_word' id='word_1_131' title='bbox 2087 1357 2140 1410; x_wconf 88' lang='lat' dir='ltr'><strong>et</strong></span> <span class='ocrx_word' id='word_1_132' title='bbox 2172 1348 2512 1412; x_wconf 83' lang='lat' dir='ltr'><strong>moderator</strong></span> <span class='ocrx_word' id='word_1_133' title='bbox 2549 1351 2723 1414; x_wconf 82' lang='lat' dir='ltr'><strong>lumi·</strong></span> 
     </span>
     <span class='ocr_line' id='line_1_15' title="bbox 387 1429 2726 1518; baseline 0.002 -23"><span class='ocrx_word' id='word_1_134' title='bbox 387 1451 535 1495; x_wconf 69' lang='lat' dir='ltr'><strong>ntem</strong></span> <span class='ocrx_word' id='word_1_135' title='bbox 569 1429 965 1513; x_wconf 80' lang='lat' dir='ltr'><strong>reliquorum,</strong></span> <span class='ocrx_word' id='word_1_136' title='bbox 1002 1450 1166 1492; x_wconf 87' lang='lat' dir='ltr'><strong>mens</strong></span> <span class='ocrx_word' id='word_1_137' title='bbox 1200 1429 1416 1492; x_wconf 83' lang='lat' dir='ltr'><strong>mundi</strong></span> <span class='ocrx_word' id='word_1_138' title='bbox 1453 1442 1508 1494; x_wconf 88' lang='lat' dir='ltr'><strong>et</strong></span> <span class='ocrx_word' id='word_1_139' title='bbox 1543 1432 1885 1515; x_wconf 79' lang='lat' dir='ltr'><strong>temperatio</strong></span> <span class='ocrx_word' id='word_1_140' title='bbox 1900 1479 1919 1506; x_wconf 92' lang='lat'>‚</span> <span class='ocrx_word' id='word_1_141' title='bbox 1965 1442 2132 1495; x_wconf 85' lang='lat' dir='ltr'><strong>tanta</strong></span> <span class='ocrx_word' id='word_1_142' title='bbox 2172 1434 2615 1518; x_wconf 79' lang='lat' dir='ltr'><strong>maqnitudine,</strong></span> <span class='ocrx_word' id='word_1_143' title='bbox 2658 1447 2726 1500; x_wconf 79' lang='lat' dir='ltr'><strong>ut</strong></span> 
     </span>
     <span class='ocr_line' id='line_1_16' title="bbox 388 1512 2727 1601; baseline 0.002 -21"><span class='ocrx_word' id='word_1_144' title='bbox 388 1527 600 1580; x_wconf 81' lang='lat' dir='ltr'><strong>cuncta</strong></span> <span class='ocrx_word' id='word_1_145' title='bbox 651 1535 765 1577; x_wconf 83' lang='lat' dir='ltr'><strong>sua</strong></span> <span class='ocrx_word' id='word_1_146' title='bbox 804 1512 933 1577; x_wconf 81' lang='lat' dir='ltr'><strong>luce</strong></span> <span class='ocrx_word' id='word_1_147' title='bbox 975 1514 1181 1578; x_wconf 84' lang='lat' dir='ltr'><strong>lustret</strong></span> <span class='ocrx_word' id='word_1_148' title='bbox 1235 1524 1289 1577; x_wconf 86' lang='lat' dir='ltr'><strong>et</strong></span> <span class='ocrx_word' id='word_1_149' title='bbox 1341 1516 1642 1601; x_wconf 81' lang='lat' dir='ltr'><strong>conpleat:</strong></span> <span class='ocrx_word' id='word_1_150' title='bbox 1718 1515 1879 1578; x_wconf 76' lang='lat' dir='ltr'><strong>hune</strong></span> <span class='ocrx_word' id='word_1_151' title='bbox 1933 1526 2003 1579; x_wconf 84' lang='lat' dir='ltr'><strong>ut</strong></span> <span class='ocrx_word' id='word_1_152' title='bbox 2052 1518 2284 1580; x_wconf 80' lang='lat' dir='ltr'><strong>comites</strong></span> <span class='ocrx_word' id='word_1_153' title='bbox 2335 1531 2727 1584; x_wconf 73' lang='lat' dir='ltr'><strong>consecuntur</strong></span> 
     </span>
     <span class='ocr_line' id='line_1_17' title="bbox 399 1597 2724 1686; baseline 0.002 -21"><span class='ocrx_word' id='word_1_154' title='bbox 399 1600 638 1665; x_wconf 79' lang='lat' dir='ltr'><strong>Veneris</strong></span> <span class='ocrx_word' id='word_1_155' title='bbox 676 1597 848 1673; x_wconf 77' lang='lat' dir='ltr'><strong>alter,</strong></span> <span class='ocrx_word' id='word_1_156' title='bbox 892 1599 1039 1662; x_wconf 84' lang='lat' dir='ltr'><strong>alter</strong></span> <span class='ocrx_word' id='word_1_157' title='bbox 1076 1598 1377 1665; x_wconf 83' lang='lat' dir='ltr'><strong>Mercurii</strong></span> <span class='ocrx_word' id='word_1_158' title='bbox 1409 1621 1622 1664; x_wconf 83' lang='lat' dir='ltr'><strong>cursus</strong></span> <span class='ocrx_word' id='word_1_159' title='bbox 1635 1621 1657 1664; x_wconf 87' lang='lat'><strong>.·</strong></span> <span class='ocrx_word' id='word_1_160' title='bbox 1697 1601 1765 1664; x_wconf 89' lang='lat' dir='ltr'><strong>in</strong></span> <span class='ocrx_word' id='word_1_161' title='bbox 1808 1601 2124 1686; x_wconf 68' lang='lat' dir='ltr'><strong>infimoque</strong></span> <span class='ocrx_word' id='word_1_162' title='bbox 2161 1604 2298 1667; x_wconf 82' lang='lat' dir='ltr'><strong>orbe</strong></span> <span class='ocrx_word' id='word_1_163' title='bbox 2340 1604 2490 1668; x_wconf 80' lang='lat' dir='ltr'><strong>luna</strong></span> <span class='ocrx_word' id='word_1_164' title='bbox 2530 1606 2724 1670; x_wconf 87' lang='lat' dir='ltr'><strong>radiis</strong></span> 
     </span>
     <span class='ocr_line' id='line_1_18' title="bbox 329 1685 2727 1770; baseline 0.002 -18"><span class='ocrx_word' id='word_1_165' title='bbox 329 1691 370 1753; x_wconf 88' lang='grc'>4</span> <span class='ocrx_word' id='word_1_166' title='bbox 388 1687 529 1751; x_wconf 81' lang='lat' dir='ltr'><strong>solis</strong></span> <span class='ocrx_word' id='word_1_167' title='bbox 586 1705 832 1749; x_wconf 80' lang='lat' dir='ltr'><strong>accensa</strong></span> <span class='ocrx_word' id='word_1_168' title='bbox 887 1685 1262 1747; x_wconf 81' lang='lat' dir='ltr'><strong>convertitur.</strong></span> <span class='ocrx_word' id='word_1_169' title='bbox 1349 1685 1526 1770; x_wconf 79' lang='lat' dir='ltr'><strong>Infra</strong></span> <span class='ocrx_word' id='word_1_170' title='bbox 1572 1695 1768 1748; x_wconf 84' lang='lat' dir='ltr'><strong>autem</strong></span> <span class='ocrx_word' id='word_1_171' title='bbox 1807 1708 1945 1748; x_wconf 85' lang='lat' dir='ltr'><strong>eam.</strong></span> <span class='ocrx_word' id='word_1_172' title='bbox 1976 1686 2136 1749; x_wconf 78' lang='lat' dir='ltr'><strong>nihil</strong></span> <span class='ocrx_word' id='word_1_173' title='bbox 2185 1699 2266 1752; x_wconf 89' lang='lat' dir='ltr'><strong>est</strong></span> <span class='ocrx_word' id='word_1_174' title='bbox 2309 1689 2438 1753; x_wconf 89' lang='lat' dir='ltr'><strong>nisi</strong></span> <span class='ocrx_word' id='word_1_175' title='bbox 2482 1692 2727 1756; x_wconf 82' lang='lat' dir='ltr'><strong>mortale</strong></span> 
     </span>
     <span class='ocr_line' id='line_1_19' title="bbox 390 1769 2728 1858; baseline 0.002 -22"><span class='ocrx_word' id='word_1_176' title='bbox 390 1783 445 1836; x_wconf 86' lang='lat' dir='ltr'><strong>et</strong></span> <span class='ocrx_word' id='word_1_177' title='bbox 488 1770 777 1835; x_wconf 80' lang='lat' dir='ltr'><strong>caducum</strong></span> <span class='ocrx_word' id='word_1_178' title='bbox 815 1779 1075 1854; x_wconf 37' lang='lat' dir='ltr'><strong>praeter!</strong></span> <span class='ocrx_word' id='word_1_179' title='bbox 1094 1769 1328 1833; x_wconf 69' lang='lat' dir='ltr'><strong>animos</strong></span> <span class='ocrx_word' id='word_1_180' title='bbox 1364 1791 1612 1834; x_wconf 84' lang='lat' dir='ltr'><strong>munere</strong></span> <span class='ocrx_word' id='word_1_181' title='bbox 1649 1770 1898 1834; x_wconf 78' lang='lat' dir='ltr'><strong>deorum</strong></span> <span class='ocrx_word' id='word_1_182' title='bbox 1936 1770 2245 1836; x_wconf 77' lang='lat' dir='ltr'><strong>hominum</strong></span> <span class='ocrx_word' id='word_1_183' title='bbox 2285 1777 2495 1858; x_wconf 75' lang='lat' dir='ltr'><strong>qeneri</strong></span> <span class='ocrx_word' id='word_1_184' title='bbox 2530 1777 2728 1842; x_wconf 87' lang='lat' dir='ltr'><strong>datos:</strong></span> 
     </span>
     <span class='ocr_line' id='line_1_20' title="bbox 382 1854 2717 1954; baseline 0.002 -33"><span class='ocrx_word' id='word_1_185' title='bbox 382 1879 457 1921; x_wconf 76' lang='lat' dir='ltr'><strong>su</strong></span> <span class='ocrx_word' id='word_1_186' title='bbox 498 1877 573 1920; x_wconf 89' lang='lat' dir='ltr'><strong>ra</strong></span> <span class='ocrx_word' id='word_1_187' title='bbox 614 1854 823 1918; x_wconf 75' lang='lat' dir='ltr'><strong>lunam</strong></span> <span class='ocrx_word' id='word_1_188' title='bbox 851 1864 990 1918; x_wconf 81' lang='lat' dir='ltr'><strong>sunt</strong></span> <span class='ocrx_word' id='word_1_189' title='bbox 1021 1865 1261 1917; x_wconf 82' lang='lat' dir='ltr'><strong>aeterna</strong></span> <span class='ocrx_word' id='word_1_190' title='bbox 1296 1857 1518 1918; x_wconf 87' lang='lat' dir='ltr'><strong>omnia.</strong></span> <span class='ocrx_word' id='word_1_191' title='bbox 1581 1855 1760 1920; x_wconf 67' lang='lat' dir='ltr'><strong>⁴Nam</strong></span> <span class='ocrx_word' id='word_1_192' title='bbox 1800 1879 1870 1919; x_wconf 88' lang='lat' dir='ltr'><strong>ea</strong></span> <span class='ocrx_word' id='word_1_193' title='bbox 1905 1877 2057 1954; x_wconf 74' lang='lat' dir='ltr'><strong>quae</strong></span> <span class='ocrx_word' id='word_1_194' title='bbox 2100 1868 2183 1920; x_wconf 87' lang='lat' dir='ltr'><strong>est</strong></span> <span class='ocrx_word' id='word_1_195' title='bbox 2213 1861 2411 1924; x_wconf 87' lang='lat' dir='ltr'><strong>media</strong></span> <span class='ocrx_word' id='word_1_196' title='bbox 2451 1871 2502 1924; x_wconf 86' lang='lat' dir='ltr'><strong>et</strong></span> <span class='ocrx_word' id='word_1_197' title='bbox 2537 1883 2717 1938; x_wconf 88' lang='lat' dir='ltr'><strong>nona,</strong></span> 
     </span>
     <span class='ocr_line' id='line_1_21' title="bbox 382 1878 2723 2029; baseline 0.003 -24"><span class='ocrx_word' id='word_1_198' title='bbox 382 1878 549 2006; x_wconf 50' lang='grc' dir='ltr'><strong>τάξω</strong></span> <span class='ocrx_word' id='word_1_199' title='bbox 562 1989 583 2016; x_wconf 87' lang='grc'><em>,</em></span> <span class='ocrx_word' id='word_1_200' title='bbox 644 1960 832 2024; x_wconf 81' lang='lat' dir='ltr'><strong>neque</strong></span> <span class='ocrx_word' id='word_1_201' title='bbox 878 1949 1172 2013; x_wconf 81' lang='lat' dir='ltr'><strong>movetur,</strong></span> <span class='ocrx_word' id='word_1_202' title='bbox 1234 1950 1285 2003; x_wconf 91' lang='lat' dir='ltr'><strong>et</strong></span> <span class='ocrx_word' id='word_1_203' title='bbox 1333 1941 1543 2026; x_wconf 81' lang='lat' dir='ltr'><strong>infima</strong></span> <span class='ocrx_word' id='word_1_204' title='bbox 1596 1950 1708 2016; x_wconf 86' lang='lat' dir='ltr'><strong>est,</strong></span> <span class='ocrx_word' id='word_1_205' title='bbox 1781 1951 1832 2004; x_wconf 87' lang='lat' dir='ltr'><strong>et</strong></span> <span class='ocrx_word' id='word_1_206' title='bbox 1891 1962 1961 2004; x_wconf 73' lang='lat' dir='ltr'><strong>in</strong></span> <span class='ocrx_word' id='word_1_207' title='bbox 2011 1963 2140 2005; x_wconf 87' lang='lat' dir='ltr'><strong>eam</strong></span> <span class='ocrx_word' id='word_1_208' title='bbox 2186 1946 2470 2029; x_wconf 83' lang='lat' dir='ltr'><strong>seruntur</strong></span> <span class='ocrx_word' id='word_1_209' title='bbox 2520 1948 2723 2011; x_wconf 85' lang='lat' dir='ltr'><strong>omnia</strong></span> 
     </span>
     <span class='ocr_line' id='line_1_22' title="bbox 328 2023 2729 2112; baseline 0.003 -22"><span class='ocrx_word' id='word_1_210' title='bbox 328 2026 539 2090; x_wconf 83' lang='lat' dir='ltr'><strong>5nutu</strong></span> <span class='ocrx_word' id='word_1_211' title='bbox 586 2046 696 2088; x_wconf 84' lang='lat' dir='ltr'><strong>suo</strong></span> <span class='ocrx_word' id='word_1_212' title='bbox 728 2024 1022 2109; x_wconf 80' lang='lat' dir='ltr'><strong>pondera.</strong></span> <span class='ocrx_word' id='word_1_213' title='bbox 1119 2023 1336 2088; x_wconf 87' lang='lat' dir='ltr'><strong>Totius</strong></span> <span class='ocrx_word' id='word_1_214' title='bbox 1386 2024 1601 2089; x_wconf 90' lang='lat' dir='ltr'><strong>mundi</strong></span> <span class='ocrx_word' id='word_1_215' title='bbox 1645 2044 1682 2088; x_wconf 86' lang='lat' dir='ltr'><strong>a</strong></span> <span class='ocrx_word' id='word_1_216' title='bbox 1723 2045 1966 2089; x_wconf 87' lang='lat' dir='ltr'><strong>summo</strong></span> <span class='ocrx_word' id='word_1_217' title='bbox 2011 2026 2075 2089; x_wconf 92' lang='lat' dir='ltr'><strong>in</strong></span> <span class='ocrx_word' id='word_1_218' title='bbox 2115 2027 2308 2092; x_wconf 90' lang='lat' dir='ltr'><strong>imum</strong></span> <span class='ocrx_word' id='word_1_219' title='bbox 2353 2029 2612 2112; x_wconf 78' lang='lat' dir='ltr'><strong>diligens</strong></span> <span class='ocrx_word' id='word_1_220' title='bbox 2657 2031 2729 2099; x_wconf 79' lang='lat' dir='ltr'><strong>in.</strong></span> 
     </span>
     <span class='ocr_line' id='line_1_23' title="bbox 389 2107 2724 2196; baseline 0.002 -21"><span class='ocrx_word' id='word_1_221' title='bbox 389 2111 555 2176; x_wconf 82' lang='lat' dir='ltr'><strong>hune</strong></span> <span class='ocrx_word' id='word_1_222' title='bbox 598 2109 799 2172; x_wconf 74' lang='lat' dir='ltr'><strong>iocum</strong></span> <span class='ocrx_word' id='word_1_223' title='bbox 844 2108 1096 2172; x_wconf 80' lang='lat' dir='ltr'><strong>collecta</strong></span> <span class='ocrx_word' id='word_1_224' title='bbox 1131 2107 1459 2193; x_wconf 84' lang='lat' dir='ltr'><strong>descriptio</strong></span> <span class='ocrx_word' id='word_1_225' title='bbox 1502 2117 1624 2184; x_wconf 86' lang='lat' dir='ltr'><strong>est,</strong></span> <span class='ocrx_word' id='word_1_226' title='bbox 1676 2117 1740 2173; x_wconf 86' lang='lat' dir='ltr'><strong>et</strong></span> <span class='ocrx_word' id='word_1_227' title='bbox 1779 2110 2086 2194; x_wconf 85' lang='lat' dir='ltr'><strong>integrum</strong></span> <span class='ocrx_word' id='word_1_228' title='bbox 2133 2113 2435 2196; x_wconf 88' lang='lat' dir='ltr'><strong>quoddam</strong></span> <span class='ocrx_word' id='word_1_229' title='bbox 2475 2115 2724 2180; x_wconf 87' lang='lat' dir='ltr'><strong>univer·</strong></span> 
     </span>
     <span class='ocr_line' id='line_1_24' title="bbox 393 2192 2723 2279; baseline 0.002 -19"><span class='ocrx_word' id='word_1_230' title='bbox 393 2195 589 2260; x_wconf 85' lang='lat' dir='ltr'><strong>sitatis</strong></span> <span class='ocrx_word' id='word_1_231' title='bbox 633 2216 853 2276; x_wconf 63' lang='lat' dir='ltr'><strong>cuspus</strong></span> <span class='ocrx_word' id='word_1_232' title='bbox 901 2192 1230 2276; x_wconf 61' lang='lat' dir='ltr'><strong>affingitur,</strong></span> <span class='ocrx_word' id='word_1_233' title='bbox 1282 2194 1443 2276; x_wconf 78' lang='lat' dir='ltr'><strong>quud</strong></span> <span class='ocrx_word' id='word_1_234' title='bbox 1483 2194 1732 2279; x_wconf 87' lang='lat' dir='ltr'><strong>quidem</strong></span> <span class='ocrx_word' id='word_1_235' title='bbox 1780 2216 1852 2258; x_wconf 82' lang='grc' dir='ltr'><strong>το</strong></span> <span class='ocrx_word' id='word_1_236' title='bbox 1889 2197 2042 2272; x_wconf 83' lang='grc' dir='ltr'><strong><em>πᾶν,</em></strong></span> <span class='ocrx_word' id='word_1_237' title='bbox 2087 2195 2147 2259; x_wconf 92' lang='lat' dir='ltr'><strong>id</strong></span> <span class='ocrx_word' id='word_1_238' title='bbox 2187 2205 2280 2275; x_wconf 82' lang='lat' dir='ltr'><strong>est</strong></span> <span class='ocrx_word' id='word_1_239' title='bbox 2322 2219 2507 2273; x_wconf 83' lang='lat' dir='ltr'><strong>omne,</strong></span> <span class='ocrx_word' id='word_1_240' title='bbox 2554 2199 2723 2264; x_wconf 86' lang='lat' dir='ltr'><strong>dixe-</strong></span> 
     </span>
     <span class='ocr_line' id='line_1_25' title="bbox 390 2276 2720 2366; baseline 0 -20"><span class='ocrx_word' id='word_1_241' title='bbox 390 2287 565 2346; x_wconf 89' lang='lat' dir='ltr'><strong>runt:</strong></span> <span class='ocrx_word' id='word_1_242' title='bbox 649 2284 813 2344; x_wconf 69' lang='lat' dir='ltr'><strong>undu</strong></span> <span class='ocrx_word' id='word_1_243' title='bbox 877 2288 937 2340; x_wconf 71' lang='lat' dir='ltr'><strong>et</strong></span> <span class='ocrx_word' id='word_1_244' title='bbox 1009 2276 1106 2340; x_wconf 77' lang='lat' dir='ltr'><strong>hin</strong></span> <span class='ocrx_word' id='word_1_245' title='bbox 1162 2280 1338 2356; x_wconf 64' lang='lat' dir='ltr'><strong>dicit,</strong></span> <span class='ocrx_word' id='word_1_246' title='bbox 1410 2301 1636 2344; x_wconf 76' lang='lat' dir='ltr'><strong>conexa</strong></span> <span class='ocrx_word' id='word_1_247' title='bbox 1697 2290 1836 2343; x_wconf 85' lang='lat' dir='ltr'><strong>sunt</strong></span> <span class='ocrx_word' id='word_1_248' title='bbox 1901 2280 2121 2343; x_wconf 86' lang='lat' dir='ltr'><strong>omnia.</strong></span> <span class='ocrx_word' id='word_1_249' title='bbox 2219 2281 2510 2366; x_wconf 84' lang='lat' dir='ltr'><strong>Virgilius</strong></span> <span class='ocrx_word' id='word_1_250' title='bbox 2572 2304 2720 2348; x_wconf 88' lang='lat' dir='ltr'><strong>vero</strong></span> 
     </span>
     <span class='ocr_line' id='line_1_26' title="bbox 390 2364 1270 2450; baseline -0.007 -20"><span class='ocrx_word' id='word_1_251' title='bbox 390 2384 677 2450; x_wconf 71' lang='lat' dir='ltr'><strong>magnum</strong></span> <span class='ocrx_word' id='word_1_252' title='bbox 733 2384 953 2448; x_wconf 71' lang='lat' dir='ltr'><strong>eorpus</strong></span> <span class='ocrx_word' id='word_1_253' title='bbox 1006 2364 1270 2428; x_wconf 58' lang='lat' dir='ltr'><strong>sonarit:</strong></span> 
     </span>
     <span class='ocr_line' id='line_1_27' title="bbox 532 2449 1675 2536; baseline -0.001 -24"><span class='ocrx_word' id='word_1_254' title='bbox 532 2484 645 2524; x_wconf 51' lang='lat' dir='ltr'><strong>f*</strong></span> <span class='ocrx_word' id='word_1_255' title='bbox 689 2451 769 2512; x_wconf 66' lang='lat' dir='ltr'><strong>„Ei-¹</strong></span> <span class='ocrx_word' id='word_1_256' title='bbox 805 2468 1022 2532; x_wconf 59' lang='lat' dir='ltr'><strong>nesigno</strong></span> <span class='ocrx_word' id='word_1_257' title='bbox 1066 2472 1126 2512; x_wconf 68' lang='lat' dir='ltr'><strong>aa</strong></span> <span class='ocrx_word' id='word_1_258' title='bbox 1170 2472 1418 2536; x_wconf 53' lang='lat' dir='ltr'><strong>purpure</strong></span> <span class='ocrx_word' id='word_1_259' title='bbox 1458 2449 1675 2512; x_wconf 82' lang='lat' dir='ltr'><strong>miscet.</strong></span> 
     </span>
     <span class='ocr_line' id='line_1_28' title="bbox 332 2530 2720 2620; baseline 0 -20"><span class='ocrx_word' id='word_1_260' title='bbox 332 2535 525 2600; x_wconf 82' lang='lat' dir='ltr'><strong>6Hoe</strong></span> <span class='ocrx_word' id='word_1_261' title='bbox 589 2544 793 2600; x_wconf 76' lang='lat' dir='ltr'><strong>autum</strong></span> <span class='ocrx_word' id='word_1_262' title='bbox 857 2532 993 2596; x_wconf 70' lang='lat' dir='ltr'><strong>iuno</strong></span> <span class='ocrx_word' id='word_1_263' title='bbox 1058 2532 1270 2600; x_wconf 64' lang='lat' dir='ltr'><strong>Cinam</strong></span> <span class='ocrx_word' id='word_1_264' title='bbox 1338 2552 1543 2600; x_wconf 75' lang='lat' dir='ltr'><strong>rerum</strong></span> <span class='ocrx_word' id='word_1_265' title='bbox 1602 2530 2090 2620; x_wconf 82' lang='lat' dir='ltr'><strong>quaerendarum</strong></span> <span class='ocrx_word' id='word_1_266' title='bbox 2144 2531 2317 2599; x_wconf 84' lang='lat' dir='ltr'><strong>iactis</strong></span> <span class='ocrx_word' id='word_1_267' title='bbox 2382 2534 2720 2603; x_wconf 87' lang='lat' dir='ltr'><strong>seminibus</strong></span> 
     </span>
    </p>
   </div>
   <div class='ocr_carea' id='block_1_3' title="bbox 524 2772 1838 2840">
    <p class='ocr_par' dir='ltr' id='par_1_3' title="bbox 524 2772 1838 2840">
     <span class='ocr_line' id='line_1_29' title="bbox 524 2772 1838 2840; baseline 0 -16"><span class='ocrx_word' id='word_1_268' title='bbox 524 2772 661 2824; x_wconf 75' lang='lat' dir='ltr'><strong>Mas.</strong></span> <span class='ocrx_word' id='word_1_269' title='bbox 713 2772 841 2824; x_wconf 64' lang='lat' dir='ltr'><strong>UFS</strong></span> <span class='ocrx_word' id='word_1_270' title='bbox 881 2772 953 2834; x_wconf 74' lang='lat' dir='ltr'><strong>[P</strong></span> <span class='ocrx_word' id='word_1_271' title='bbox 993 2792 1162 2840; x_wconf 71' lang='lat' dir='ltr'><strong>usqne</strong></span> <span class='ocrx_word' id='word_1_272' title='bbox 1202 2776 1270 2824; x_wconf 69' lang='lat' dir='ltr'><strong>nii</strong></span> <span class='ocrx_word' id='word_1_273' title='bbox 1306 2776 1334 2840; x_wconf 62' lang='lat' dir='ltr'>fi</span> <span class='ocrx_word' id='word_1_274' title='bbox 1374 2779 1453 2834; x_wconf 72' lang='grc' dir='ltr'><strong>ᾖ.)</strong></span> <span class='ocrx_word' id='word_1_275' title='bbox 1485 2773 1838 2834; x_wconf 61' lang='lat' dir='ltr'><strong>mmmm]</strong></span> 
     </span>
    </p>
   </div>
   <div class='ocr_carea' id='block_1_4' title="bbox 385 2857 2731 3605">
    <p class='ocr_par' dir='ltr' id='par_1_4' title="bbox 386 2857 2731 3194">
     <span class='ocr_line' id='line_1_30' title="bbox 526 2857 2724 2926; baseline 0.002 -20"><span class='ocrx_word' id='word_1_276' title='bbox 526 2857 691 2908; x_wconf 76' lang='lat' dir='ltr'><strong>xvll.</strong></span> <span class='ocrx_word' id='word_1_277' title='bbox 772 2860 944 2924; x_wconf 70' lang='lat' dir='ltr'><strong>Caput</strong></span> <span class='ocrx_word' id='word_1_278' title='bbox 986 2859 1036 2909; x_wconf 83' lang='lat' dir='ltr'><strong><em>X</em></strong></span> <span class='ocrx_word' id='word_1_279' title='bbox 1045 2860 1167 2910; x_wconf 78' lang='lat' dir='ltr'><strong>Vn.</strong></span> <span class='ocrx_word' id='word_1_280' title='bbox 1245 2860 1455 2910; x_wconf 77' lang='lat' dir='ltr'><strong>Caelum</strong></span> <span class='ocrx_word' id='word_1_281' title='bbox 1503 2860 1836 2926; x_wconf 76' lang='lat' dir='ltr'><strong>quamobrem</strong></span> <span class='ocrx_word' id='word_1_282' title='bbox 1871 2873 2072 2925; x_wconf 82' lang='lat' dir='ltr'><strong>semper</strong></span> <span class='ocrx_word' id='word_1_283' title='bbox 2115 2857 2252 2907; x_wconf 83' lang='lat' dir='ltr'><strong>etin</strong></span> <span class='ocrx_word' id='word_1_284' title='bbox 2296 2857 2470 2908; x_wconf 81' lang='lat' dir='ltr'><strong>orbem</strong></span> <span class='ocrx_word' id='word_1_285' title='bbox 2511 2875 2724 2911; x_wconf 83' lang='lat' dir='ltr'><strong>movea-</strong></span> 
     </span>
     <span class='ocr_line' id='line_1_31' title="bbox 388 2926 2724 2993; baseline 0 -14"><span class='ocrx_word' id='word_1_286' title='bbox 388 2933 505 2980; x_wconf 80' lang='lat' dir='ltr'><strong>tur.-</strong></span> <span class='ocrx_word' id='word_1_287' title='bbox 564 2941 663 2990; x_wconf 79' lang='lat' dir='ltr'><strong>quo</strong></span> <span class='ocrx_word' id='word_1_288' title='bbox 698 2942 853 2976; x_wconf 77' lang='lat' dir='ltr'><strong>sensu</strong></span> <span class='ocrx_word' id='word_1_289' title='bbox 888 2942 1116 2978; x_wconf 78' lang='lat' dir='ltr'><strong>summus</strong></span> <span class='ocrx_word' id='word_1_290' title='bbox 1148 2934 1361 2978; x_wconf 81' lang='lat' dir='ltr'><strong>vocetur</strong></span> <span class='ocrx_word' id='word_1_291' title='bbox 1394 2928 1546 2978; x_wconf 77' lang='lat' dir='ltr'><strong>deus.-</strong></span> <span class='ocrx_word' id='word_1_292' title='bbox 1610 2934 1660 2977; x_wconf 85' lang='lat' dir='ltr'><strong>et</strong></span> <span class='ocrx_word' id='word_1_293' title='bbox 1698 2926 1883 2993; x_wconf 79' lang='lat' dir='ltr'><strong>ecquid</strong></span> <span class='ocrx_word' id='word_1_294' title='bbox 1916 2926 2129 2987; x_wconf 67' lang='lat' dir='ltr'><strong>stellae,</strong></span> <span class='ocrx_word' id='word_1_295' title='bbox 2178 2941 2311 2989; x_wconf 83' lang='lat' dir='ltr'><strong>quas</strong></span> <span class='ocrx_word' id='word_1_296' title='bbox 2333 2927 2487 2989; x_wconf 78' lang='lat' dir='ltr'><strong>fixas</strong></span> <span class='ocrx_word' id='word_1_297' title='bbox 2517 2935 2724 2988; x_wconf 78' lang='lat' dir='ltr'><strong>vocant,</strong></span> 
     </span>
     <span class='ocr_line' id='line_1_32' title="bbox 386 2984 2731 3062; baseline -0 -16"><span class='ocrx_word' id='word_1_298' title='bbox 386 3012 483 3047; x_wconf 81' lang='lat' dir='ltr'><strong>suo</strong></span> <span class='ocrx_word' id='word_1_299' title='bbox 530 2994 689 3044; x_wconf 82' lang='lat' dir='ltr'><strong>etiam</strong></span> <span class='ocrx_word' id='word_1_300' title='bbox 730 2992 1043 3059; x_wconf 81' lang='lat' dir='ltr'><strong>proprioque</strong></span> <span class='ocrx_word' id='word_1_301' title='bbox 1082 3002 1224 3045; x_wconf 84' lang='lat' dir='ltr'><strong>motu</strong></span> <span class='ocrx_word' id='word_1_302' title='bbox 1268 3001 1524 3062; x_wconf 81' lang='lat' dir='ltr'><strong>agantur.</strong></span> <span class='ocrx_word' id='word_1_303' title='bbox 1584 2993 1740 3044; x_wconf 81' lang='lat' dir='ltr'><strong>ch-b.</strong></span> <span class='ocrx_word' id='word_1_304' title='bbox 1943 3047 1948 3052; x_wconf 58' lang='grc'><strong>,</strong></span> <span class='ocrx_word' id='word_1_305' title='bbox 2052 2995 2096 3040; x_wconf 82' lang='lat'><strong>1.</strong></span> <span class='ocrx_word' id='word_1_306' title='bbox 2166 2993 2402 3056; x_wconf 76' lang='lat' dir='ltr'><strong>scipioni</strong></span> <span class='ocrx_word' id='word_1_307' title='bbox 2444 2997 2499 3056; x_wconf 81' lang='lat' dir='ltr'><strong>(s</strong></span> <span class='ocrx_word' id='word_1_308' title='bbox 2531 2995 2655 3044; x_wconf 80' lang='lat' dir='ltr'><strong>add.</strong></span> <span class='ocrx_word' id='word_1_309' title='bbox 2693 2984 2731 3045; x_wconf 67' lang='grc' dir='ltr'><strong>α’</strong></span> 
     </span>
     <span class='ocr_line' id='line_1_33' title="bbox 389 3058 2729 3127; baseline -0.003 -13"><span class='ocrx_word' id='word_1_310' title='bbox 389 3079 502 3114; x_wconf 76' lang='lat' dir='ltr'><strong>see.</strong></span> <span class='ocrx_word' id='word_1_311' title='bbox 539 3061 643 3124; x_wconf 83' lang='lat' dir='ltr'><strong>m.)</strong></span> <span class='ocrx_word' id='word_1_312' title='bbox 681 3059 739 3113; x_wconf 88' lang='lat' dir='ltr'><strong>C.</strong></span> <span class='ocrx_word' id='word_1_313' title='bbox 780 3087 849 3096; x_wconf 88' lang='lat'><strong>--</strong></span> <span class='ocrx_word' id='word_1_314' title='bbox 893 3061 1146 3122; x_wconf 65' lang='lat' dir='ltr'><strong>obtuitus</strong></span> <span class='ocrx_word' id='word_1_315' title='bbox 1186 3062 1398 3112; x_wconf 40' lang='lat' dir='ltr'>R1.‘--</span> <span class='ocrx_word' id='word_1_316' title='bbox 1439 3075 1822 3127; x_wconf 81' lang='lat' dir='ltr'><strong>praecurrens</strong></span> <span class='ocrx_word' id='word_1_317' title='bbox 1858 3059 2311 3125; x_wconf 78' lang='lat' dir='ltr'><strong>(sup..percurr.)</strong></span> <span class='ocrx_word' id='word_1_318' title='bbox 2353 3058 2412 3108; x_wconf 88' lang='lat' dir='ltr'><strong>C.</strong></span> <span class='ocrx_word' id='word_1_319' title='bbox 2447 3089 2514 3098; x_wconf 90' lang='grc'><strong>--</strong></span> <span class='ocrx_word' id='word_1_320' title='bbox 2558 3069 2729 3112; x_wconf 74' lang='lat' dir='ltr'><strong>terras</strong></span> 
     </span>
     <span class='ocr_line' id='line_1_34' title="bbox 389 3125 2418 3194; baseline -0.001 -15"><span class='ocrx_word' id='word_1_321' title='bbox 389 3132 522 3194; x_wconf 86' lang='lat' dir='ltr'><strong>(om.</strong></span> <span class='ocrx_word' id='word_1_322' title='bbox 564 3129 663 3193; x_wconf 82' lang='lat' dir='ltr'><strong>ad)</strong></span> <span class='ocrx_word' id='word_1_323' title='bbox 710 3127 851 3177; x_wconf 69' lang='lat' dir='ltr'><strong>Buri.</strong></span> <span class='ocrx_word' id='word_1_324' title='bbox 894 3153 955 3164; x_wconf 91' lang='lat'><strong>--</strong></span> <span class='ocrx_word' id='word_1_325' title='bbox 1006 3129 1314 3186; x_wconf 74' lang='lat' dir='ltr'><strong>familiaris</strong></span> <span class='ocrx_word' id='word_1_326' title='bbox 1352 3127 1627 3179; x_wconf 74' lang='lat' dir='ltr'><strong>GFPmG</strong></span> <span class='ocrx_word' id='word_1_327' title='bbox 1664 3126 1865 3191; x_wconf 82' lang='lat' dir='ltr'><strong>‚,Ms.“.</strong></span> <span class='ocrx_word' id='word_1_328' title='bbox 1939 3125 2328 3189; x_wconf 77' lang='lat' dir='ltr'><strong>familiariter</strong></span> <span class='ocrx_word' id='word_1_329' title='bbox 2363 3125 2418 3176; x_wconf 89' lang='lat' dir='ltr'><strong>S.</strong></span> 
     </span>
    </p>

    <p class='ocr_par' dir='ltr' id='par_1_5' title="bbox 385 3192 2731 3605">
     <span class='ocr_line' id='line_1_35' title="bbox 385 3192 2726 3262; baseline -0.002 -16"><span class='ocrx_word' id='word_1_330' title='bbox 385 3201 436 3246; x_wconf 78' lang='lat'><strong>2.</strong></span> <span class='ocrx_word' id='word_1_331' title='bbox 515 3193 732 3262; x_wconf 81' lang='lat' dir='ltr'><strong>Novem]</strong></span> <span class='ocrx_word' id='word_1_332' title='bbox 768 3193 953 3244; x_wconf 84' lang='lat' dir='ltr'><strong>Somn.</strong></span> <span class='ocrx_word' id='word_1_333' title='bbox 996 3194 1096 3256; x_wconf 78' lang='lat' dir='ltr'><strong>W,</strong></span> <span class='ocrx_word' id='word_1_334' title='bbox 1141 3200 1187 3245; x_wconf 83' lang='lat'><strong>1.</strong></span> <span class='ocrx_word' id='word_1_335' title='bbox 1230 3201 1279 3246; x_wconf 87' lang='lat'><strong>2.</strong></span> <span class='ocrx_word' id='word_1_336' title='bbox 1320 3225 1391 3234; x_wconf 94' lang='lat'><strong>—-</strong></span> <span class='ocrx_word' id='word_1_337' title='bbox 1437 3196 1636 3247; x_wconf 85' lang='lat' dir='ltr'><strong>Novem</strong></span> <span class='ocrx_word' id='word_1_338' title='bbox 1672 3195 1889 3260; x_wconf 80' lang='lat' dir='ltr'><strong>igitur</strong></span> <span class='ocrx_word' id='word_1_339' title='bbox 1924 3198 2075 3256; x_wconf 77' lang='lat' dir='ltr'><strong>(sup.</strong></span> <span class='ocrx_word' id='word_1_340' title='bbox 2115 3192 2236 3251; x_wconf 81' lang='lat' dir='ltr'><strong>tibi)</strong></span> <span class='ocrx_word' id='word_1_341' title='bbox 2275 3194 2339 3242; x_wconf 77' lang='lat' dir='ltr'><strong>G.</strong></span> <span class='ocrx_word' id='word_1_342' title='bbox 2385 3221 2452 3229; x_wconf 92' lang='lat'>—</span> <span class='ocrx_word' id='word_1_343' title='bbox 2493 3192 2726 3257; x_wconf 80' lang='lat' dir='ltr'><strong>reliquos</strong></span> 
     </span>
     <span class='ocr_line' id='line_1_36' title="bbox 389 3258 2724 3397; baseline -0.005 -11"><span class='ocrx_word' id='word_1_344' title='bbox 389 3263 1177 3397; x_wconf 52' lang='grc' dir='ltr'><strong>ἔωρὲἵῗῗῗέὴξξῖωςὲἒζωῖ</strong></span> <span class='ocrx_word' id='word_1_345' title='bbox 1224 3263 1746 3382; x_wconf 61' lang='lat' dir='ltr'><strong>¹0³⁸iv&#39;1,J‘0t‘”E‹i¹i⁰</strong></span> <span class='ocrx_word' id='word_1_346' title='bbox 1771 3260 1963 3378; x_wconf 59' lang='lat' dir='ltr'><strong>Jffl„</strong></span> <span class='ocrx_word' id='word_1_347' title='bbox 1988 3258 2539 3384; x_wconf 64' lang='lat' dir='ltr'><strong>‘⁰¹¹¹‘,Z&#39;e‘,&#39;2·‘‡2a⁰{0m·</strong></span> <span class='ocrx_word' id='word_1_348' title='bbox 2571 3330 2724 3384; x_wconf 66' lang='lat' dir='ltr'><strong>mo</strong></span> 
     </span>
     <span class='ocr_line' id='line_1_37' title="bbox 387 3367 2728 3460; baseline -0.005 -6"><span class='ocrx_word' id='word_1_349' title='bbox 387 3367 1067 3460; x_wconf 60' lang='lat' dir='ltr'><strong>SRI2BunsiL3’Somn.</strong></span> <span class='ocrx_word' id='word_1_350' title='bbox 1107 3399 1143 3448; x_wconf 83' lang='grc' dir='ltr'><strong>Ι.</strong></span> <span class='ocrx_word' id='word_1_351' title='bbox 1179 3416 1225 3449; x_wconf 84' lang='lat' dir='ltr'><strong>c.</strong></span> <span class='ocrx_word' id='word_1_352' title='bbox 1266 3398 1384 3448; x_wconf 75' lang='lat' dir='ltr'><strong>Mus</strong></span> <span class='ocrx_word' id='word_1_353' title='bbox 1444 3397 1718 3448; x_wconf 79' lang='lat' dir='ltr'><strong>nonnulii.</strong></span> <span class='ocrx_word' id='word_1_354' title='bbox 1764 3423 1834 3433; x_wconf 87' lang='grc'><strong>--</strong></span> <span class='ocrx_word' id='word_1_355' title='bbox 1877 3402 2015 3447; x_wconf 86' lang='lat' dir='ltr'><strong>retro</strong></span> <span class='ocrx_word' id='word_1_356' title='bbox 2051 3411 2160 3444; x_wconf 87' lang='lat' dir='ltr'><strong>om.</strong></span> <span class='ocrx_word' id='word_1_357' title='bbox 2195 3393 2336 3443; x_wconf 74' lang='lat' dir='ltr'><strong>Bnn.</strong></span> <span class='ocrx_word' id='word_1_358' title='bbox 2380 3421 2449 3429; x_wconf 93' lang='lat'>—</span> <span class='ocrx_word' id='word_1_359' title='bbox 2493 3400 2728 3443; x_wconf 84' lang='lat' dir='ltr'><strong>contra</strong></span> 
     </span>
     <span class='ocr_line' id='line_1_38' title="bbox 385 3459 2727 3533; baseline -0.006 -12"><span class='ocrx_word' id='word_1_360' title='bbox 385 3471 590 3522; x_wconf 81' lang='lat' dir='ltr'><strong>caelum</strong></span> <span class='ocrx_word' id='word_1_361' title='bbox 632 3469 721 3519; x_wconf 71' lang='grc' dir='ltr'><strong>ΗΞ</strong></span> <span class='ocrx_word' id='word_1_362' title='bbox 768 3465 839 3528; x_wconf 83' lang='lat' dir='ltr'><strong>(C</strong></span> <span class='ocrx_word' id='word_1_363' title='bbox 880 3483 999 3533; x_wconf 82' lang='lat' dir='ltr'><strong>sup.</strong></span> <span class='ocrx_word' id='word_1_364' title='bbox 1042 3471 1245 3532; x_wconf 80' lang='lat' dir='ltr'><strong>atque).</strong></span> <span class='ocrx_word' id='word_1_365' title='bbox 1290 3495 1359 3504; x_wconf 83' lang='lat'><strong>—·</strong></span> <span class='ocrx_word' id='word_1_366' title='bbox 1398 3466 1499 3515; x_wconf 77' lang='lat' dir='ltr'><strong>itta</strong></span> <span class='ocrx_word' id='word_1_367' title='bbox 1552 3481 1659 3515; x_wconf 87' lang='lat' dir='ltr'><strong>om.</strong></span> <span class='ocrx_word' id='word_1_368' title='bbox 1707 3464 1805 3513; x_wconf 72' lang='lat' dir='ltr'><strong>Ri.</strong></span> <span class='ocrx_word' id='word_1_369' title='bbox 1852 3492 1920 3500; x_wconf 94' lang='lat'><strong>-—</strong></span> <span class='ocrx_word' id='word_1_370' title='bbox 1960 3463 2150 3512; x_wconf 83' lang='lat' dir='ltr'><strong>deinde</strong></span> <span class='ocrx_word' id='word_1_371' title='bbox 2200 3466 2334 3520; x_wconf 86' lang='lat' dir='ltr'><strong>(om.</strong></span> <span class='ocrx_word' id='word_1_372' title='bbox 2368 3464 2469 3518; x_wconf 81' lang='lat' dir='ltr'><strong>est)</strong></span> <span class='ocrx_word' id='word_1_373' title='bbox 2509 3459 2610 3508; x_wconf 76' lang='lat' dir='ltr'><strong>m.</strong></span> <span class='ocrx_word' id='word_1_374' title='bbox 2658 3488 2727 3496; x_wconf 93' lang='lat'>—</span> 
     </span>
     <span class='ocr_line' id='line_1_39' title="bbox 385 3529 2731 3605; baseline -0.005 -17"><span class='ocrx_word' id='word_1_375' title='bbox 385 3553 622 3605; x_wconf 79' lang='lat' dir='ltr'><strong>prosper</strong></span> <span class='ocrx_word' id='word_1_376' title='bbox 666 3537 749 3599; x_wconf 73' lang='lat' dir='ltr'><strong>hg</strong></span> <span class='ocrx_word' id='word_1_377' title='bbox 796 3535 864 3600; x_wconf 83' lang='grc' dir='ltr'><strong>(Ιι</strong></span> <span class='ocrx_word' id='word_1_378' title='bbox 914 3533 967 3584; x_wconf 88' lang='lat' dir='ltr'><strong>in</strong></span> <span class='ocrx_word' id='word_1_379' title='bbox 1016 3550 1127 3600; x_wconf 84' lang='lat' dir='ltr'><strong>mg.</strong></span> <span class='ocrx_word' id='word_1_380' title='bbox 1172 3535 1298 3584; x_wconf 81' lang='lat' dir='ltr'><strong>add.</strong></span> <span class='ocrx_word' id='word_1_381' title='bbox 1337 3533 1672 3599; x_wconf 70' lang='lat' dir='ltr'><strong>prosperus)</strong></span> <span class='ocrx_word' id='word_1_382' title='bbox 1721 3530 1977 3580; x_wconf 51' lang='lat' dir='ltr'><strong>Tama-1.</strong></span> <span class='ocrx_word' id='word_1_383' title='bbox 2021 3558 2090 3566; x_wconf 96' lang='lat'>—</span> <span class='ocrx_word' id='word_1_384' title='bbox 2131 3529 2320 3578; x_wconf 83' lang='lat' dir='ltr'><strong>deinde</strong></span> <span class='ocrx_word' id='word_1_385' title='bbox 2364 3529 2436 3578; x_wconf 87' lang='lat' dir='ltr'><strong>de</strong></span> <span class='ocrx_word' id='word_1_386' title='bbox 2479 3535 2731 3593; x_wconf 82' lang='lat' dir='ltr'><strong>septem</strong></span> 
     </span>
    </p>
   </div>
   <div class='ocr_carea' id='block_1_5' title="bbox 386 3594 2822 4603">
    <p class='ocr_par' dir='ltr' id='par_1_6' title="bbox 386 3594 2822 4404">
     <span class='ocr_line' id='line_1_40' title="bbox 388 3594 2731 3668; baseline -0.005 -13"><span class='ocrx_word' id='word_1_387' title='bbox 388 3605 616 3655; x_wconf 83' lang='lat' dir='ltr'><strong>mediam</strong></span> <span class='ocrx_word' id='word_1_388' title='bbox 649 3603 787 3652; x_wconf 73' lang='lat' dir='ltr'><strong>Fssz</strong></span> <span class='ocrx_word' id='word_1_389' title='bbox 828 3603 938 3668; x_wconf 76' lang='lat' dir='ltr'><strong>(hg</strong></span> <span class='ocrx_word' id='word_1_390' title='bbox 976 3601 1031 3652; x_wconf 89' lang='lat' dir='ltr'><strong>in</strong></span> <span class='ocrx_word' id='word_1_391' title='bbox 1066 3607 1227 3667; x_wconf 56' lang='grc' dir='ltr'><strong>ηις.)</strong></span> <span class='ocrx_word' id='word_1_392' title='bbox 1296 3601 1494 3665; x_wconf 80' lang='lat' dir='ltr'><strong>„Quod</strong></span> <span class='ocrx_word' id='word_1_393' title='bbox 1534 3598 1933 3667; x_wconf 77' lang='lat' dir='ltr'><strong>negligendum</strong></span> <span class='ocrx_word' id='word_1_394' title='bbox 1974 3613 2077 3646; x_wconf 90' lang='lat' dir='ltr'><strong>non</strong></span> <span class='ocrx_word' id='word_1_395' title='bbox 2113 3602 2198 3645; x_wconf 84' lang='lat' dir='ltr'><strong>est</strong></span> <span class='ocrx_word' id='word_1_396' title='bbox 2237 3601 2551 3660; x_wconf 78' lang='lat' dir='ltr'><strong>propterea,</strong></span> <span class='ocrx_word' id='word_1_397' title='bbox 2583 3594 2731 3659; x_wconf 81' lang='lat' dir='ltr'><strong>qnod</strong></span> 
     </span>
     <span class='ocr_line' id='line_1_41' title="bbox 386 3662 2729 3734; baseline -0.005 -12"><span class='ocrx_word' id='word_1_398' title='bbox 386 3670 535 3722; x_wconf 71' lang='lat' dir='ltr'><strong>inimi</strong></span> <span class='ocrx_word' id='word_1_399' title='bbox 583 3684 703 3734; x_wconf 78' lang='lat' dir='ltr'><strong>cap.</strong></span> <span class='ocrx_word' id='word_1_400' title='bbox 758 3672 834 3718; x_wconf 84' lang='grc'><strong>19.</strong></span> <span class='ocrx_word' id='word_1_401' title='bbox 882 3672 952 3719; x_wconf 83' lang='lat' dir='ltr'><strong>ab</strong></span> <span class='ocrx_word' id='word_1_402' title='bbox 1001 3668 1163 3719; x_wconf 84' lang='lat' dir='ltr'><strong>initio</strong></span> <span class='ocrx_word' id='word_1_403' title='bbox 1210 3675 1405 3718; x_wconf 78' lang='lat' dir='ltr'><strong>auctor</strong></span> <span class='ocrx_word' id='word_1_404' title='bbox 1461 3667 1671 3717; x_wconf 80' lang='lat' dir='ltr'><strong>diserte</strong></span> <span class='ocrx_word' id='word_1_405' title='bbox 1713 3665 1795 3716; x_wconf 79' lang='lat' dir='ltr'><strong>ait</strong></span> <span class='ocrx_word' id='word_1_406' title='bbox 1841 3679 1874 3714; x_wconf 76' lang='lat' dir='ltr'><strong>n</strong></span> <span class='ocrx_word' id='word_1_407' title='bbox 1922 3663 2192 3713; x_wconf 80' lang='lat' dir='ltr'><strong>Cicerone</strong></span> <span class='ocrx_word' id='word_1_408' title='bbox 2239 3664 2379 3713; x_wconf 77' lang='lat' dir='ltr'><strong>sniis</strong></span> <span class='ocrx_word' id='word_1_409' title='bbox 2430 3662 2729 3728; x_wconf 79' lang='lat' dir='ltr'><strong>sphaeram</strong></span> 
     </span>
     <span class='ocr_line' id='line_1_42' title="bbox 390 3729 2822 3805; baseline -0.005 -18"><span class='ocrx_word' id='word_1_410' title='bbox 390 3745 636 3805; x_wconf 79' lang='lat' dir='ltr'><strong>quartam</strong></span> <span class='ocrx_word' id='word_1_411' title='bbox 675 3737 737 3786; x_wconf 82' lang='lat' dir='ltr'><strong>de</strong></span> <span class='ocrx_word' id='word_1_412' title='bbox 774 3744 998 3801; x_wconf 82' lang='lat' dir='ltr'><strong>septe-m,</strong></span> <span class='ocrx_word' id='word_1_413' title='bbox 1029 3738 1086 3787; x_wconf 83' lang='lat' dir='ltr'><strong>id</strong></span> <span class='ocrx_word' id='word_1_414' title='bbox 1122 3743 1196 3788; x_wconf 83' lang='lat' dir='ltr'><strong>est</strong></span> <span class='ocrx_word' id='word_1_415' title='bbox 1232 3737 1288 3786; x_wconf 82' lang='lat' dir='ltr'><strong>in</strong></span> <span class='ocrx_word' id='word_1_416' title='bbox 1324 3734 1498 3785; x_wconf 81' lang='lat' dir='ltr'><strong>medio</strong></span> <span class='ocrx_word' id='word_1_417' title='bbox 1531 3733 1817 3785; x_wconf 82' lang='lat' dir='ltr'><strong>locatam.“</strong></span> <span class='ocrx_word' id='word_1_418' title='bbox 1854 3731 2022 3780; x_wconf 81' lang='lat' dir='ltr'><strong>Zeun.</strong></span> <span class='ocrx_word' id='word_1_419' title='bbox 2096 3731 2174 3780; x_wconf 77' lang='lat' dir='ltr'><strong>Ex</strong></span> <span class='ocrx_word' id='word_1_420' title='bbox 2213 3731 2314 3780; x_wconf 80' lang='lat' dir='ltr'><strong>ino</strong></span> <span class='ocrx_word' id='word_1_421' title='bbox 2354 3731 2477 3780; x_wconf 82' lang='lat' dir='ltr'><strong>ioco</strong></span> <span class='ocrx_word' id='word_1_422' title='bbox 2511 3729 2735 3780; x_wconf 78' lang='lat' dir='ltr'><strong>videtur</strong></span> <span class='ocrx_word' id='word_1_423' title='bbox 2797 3759 2822 3781; x_wconf 61' lang='lat'><em>0</em></span> 
     </span>
     <span class='ocr_line' id='line_1_43' title="bbox 392 3795 2733 3869; baseline -0.005 -13"><span class='ocrx_word' id='word_1_424' title='bbox 392 3804 696 3856; x_wconf 72' lang='lat' dir='ltr'><strong>mutavisse</strong></span> <span class='ocrx_word' id='word_1_425' title='bbox 733 3809 981 3853; x_wconf 76' lang='lat' dir='ltr'><strong>nostrum</strong></span> <span class='ocrx_word' id='word_1_426' title='bbox 1022 3804 1114 3869; x_wconf 88' lang='lat' dir='ltr'><strong>qui</strong></span> <span class='ocrx_word' id='word_1_427' title='bbox 1161 3820 1264 3853; x_wconf 88' lang='lat' dir='ltr'><strong>non</strong></span> <span class='ocrx_word' id='word_1_428' title='bbox 1300 3801 1586 3853; x_wconf 73' lang='lat' dir='ltr'><strong>intellexit</strong></span> <span class='ocrx_word' id='word_1_429' title='bbox 1619 3801 1815 3866; x_wconf 78' lang='lat' dir='ltr'><strong>optinet</strong></span> <span class='ocrx_word' id='word_1_430' title='bbox 1859 3813 1984 3847; x_wconf 69' lang='lat' dir='ltr'><strong>ense</strong></span> <span class='ocrx_word' id='word_1_431' title='bbox 2028 3798 2257 3846; x_wconf 74' lang='lat' dir='ltr'><strong>verbum</strong></span> <span class='ocrx_word' id='word_1_432' title='bbox 2296 3795 2733 3846; x_wconf 72' lang='lat' dir='ltr'><strong>intransitivum.</strong></span> 
     </span>
     <span class='ocr_line' id='line_1_44' title="bbox 389 3864 2730 3938; baseline -0.005 -14"><span class='ocrx_word' id='word_1_433' title='bbox 389 3873 579 3924; x_wconf 82' lang='lat' dir='ltr'><strong>deinde</strong></span> <span class='ocrx_word' id='word_1_434' title='bbox 615 3889 642 3923; x_wconf 86' lang='lat' dir='ltr'><strong>e</strong></span> <span class='ocrx_word' id='word_1_435' title='bbox 675 3879 911 3938; x_wconf 84' lang='lat' dir='ltr'><strong>septem</strong></span> <span class='ocrx_word' id='word_1_436' title='bbox 944 3872 1172 3921; x_wconf 84' lang='lat' dir='ltr'><strong>mediam</strong></span> <span class='ocrx_word' id='word_1_437' title='bbox 1211 3870 1269 3920; x_wconf 86' lang='lat' dir='ltr'><strong>G.</strong></span> <span class='ocrx_word' id='word_1_438' title='bbox 1343 3869 1532 3920; x_wconf 81' lang='lat' dir='ltr'><strong>deinde</strong></span> <span class='ocrx_word' id='word_1_439' title='bbox 1566 3876 1801 3933; x_wconf 83' lang='lat' dir='ltr'><strong>septem</strong></span> <span class='ocrx_word' id='word_1_440' title='bbox 1836 3865 2063 3915; x_wconf 83' lang='lat' dir='ltr'><strong>mediam</strong></span> <span class='ocrx_word' id='word_1_441' title='bbox 2105 3865 2204 3914; x_wconf 77' lang='lat' dir='ltr'><strong>m.</strong></span> <span class='ocrx_word' id='word_1_442' title='bbox 2241 3893 2310 3901; x_wconf 89' lang='lat'><strong>—-</strong></span> <span class='ocrx_word' id='word_1_443' title='bbox 2345 3865 2452 3914; x_wconf 72' lang='lat' dir='ltr'><strong>dux·</strong></span> <span class='ocrx_word' id='word_1_444' title='bbox 2485 3864 2730 3929; x_wconf 82' lang='lat' dir='ltr'><strong>princeps</strong></span> 
     </span>
     <span class='ocr_line' id='line_1_45' title="bbox 392 3931 2736 4004; baseline -0.005 -14"><span class='ocrx_word' id='word_1_445' title='bbox 392 3941 530 4004; x_wconf 86' lang='lat' dir='ltr'><strong>(om.</strong></span> <span class='ocrx_word' id='word_1_446' title='bbox 572 3943 649 4004; x_wconf 84' lang='lat' dir='ltr'><strong>et)</strong></span> <span class='ocrx_word' id='word_1_447' title='bbox 683 3939 824 3990; x_wconf 67' lang='lat' dir='ltr'><strong>Bm.</strong></span> <span class='ocrx_word' id='word_1_448' title='bbox 863 3967 932 3976; x_wconf 90' lang='lat'><strong>--</strong></span> <span class='ocrx_word' id='word_1_449' title='bbox 975 3938 1324 4004; x_wconf 81' lang='lat' dir='ltr'><strong>temperantia</strong></span> <span class='ocrx_word' id='word_1_450' title='bbox 1358 3936 1507 4000; x_wconf 79' lang='lat' dir='ltr'><strong>(sup.</strong></span> <span class='ocrx_word' id='word_1_451' title='bbox 1545 3935 1712 3995; x_wconf 81' lang='lat' dir='ltr'><strong>ratio)</strong></span> <span class='ocrx_word' id='word_1_452' title='bbox 1749 3934 1852 3982; x_wconf 70' lang='grc' dir='ltr'><strong>ΒΞ.</strong></span> <span class='ocrx_word' id='word_1_453' title='bbox 1890 3959 1958 3968; x_wconf 88' lang='grc'><strong>--</strong></span> <span class='ocrx_word' id='word_1_454' title='bbox 1996 3939 2274 3997; x_wconf 77' lang='lat' dir='ltr'><strong>tantaque</strong></span> <span class='ocrx_word' id='word_1_455' title='bbox 2309 3931 2452 3981; x_wconf 66' lang='lat' dir='ltr'><strong>Bm.</strong></span> <span class='ocrx_word' id='word_1_456' title='bbox 2491 3959 2557 3967; x_wconf 93' lang='lat'><strong>——-</strong></span> <span class='ocrx_word' id='word_1_457' title='bbox 2595 3931 2736 3980; x_wconf 75' lang='lat' dir='ltr'><strong>huic</strong></span> 
     </span>
     <span class='ocr_line' id='line_1_46' title="bbox 391 3999 2735 4073; baseline -0.005 -16"><span class='ocrx_word' id='word_1_458' title='bbox 391 4008 495 4057; x_wconf 69' lang='lat' dir='ltr'><strong>Ru.</strong></span> <span class='ocrx_word' id='word_1_459' title='bbox 532 4037 601 4047; x_wconf 71' lang='lat'><strong>—-</strong></span> <span class='ocrx_word' id='word_1_460' title='bbox 646 4013 1041 4073; x_wconf 74' lang='lat' dir='ltr'><strong>consequentur</strong></span> <span class='ocrx_word' id='word_1_461' title='bbox 1078 4005 1139 4054; x_wconf 86' lang='lat' dir='ltr'><strong>C.</strong></span> <span class='ocrx_word' id='word_1_462' title='bbox 1212 4010 1499 4070; x_wconf 80' lang='lat' dir='ltr'><strong>sequuntur</strong></span> <span class='ocrx_word' id='word_1_463' title='bbox 1534 4002 1614 4051; x_wconf 79' lang='lat' dir='ltr'><strong>m</strong></span> <span class='ocrx_word' id='word_1_464' title='bbox 1657 4001 1825 4061; x_wconf 69' lang='lat' dir='ltr'><strong>(Bm.</strong></span> <span class='ocrx_word' id='word_1_465' title='bbox 1861 4016 1984 4064; x_wconf 85' lang='lat' dir='ltr'><strong>sup.</strong></span> <span class='ocrx_word' id='word_1_466' title='bbox 2022 4004 2208 4056; x_wconf 80' lang='lat' dir='ltr'><strong>cunt.).</strong></span> <span class='ocrx_word' id='word_1_467' title='bbox 2243 4027 2313 4035; x_wconf 88' lang='grc'>-</span> <span class='ocrx_word' id='word_1_468' title='bbox 2361 3999 2416 4048; x_wconf 85' lang='lat' dir='ltr'><strong>in</strong></span> <span class='ocrx_word' id='word_1_469' title='bbox 2455 3999 2735 4061; x_wconf 82' lang='lat' dir='ltr'><strong>infimoque</strong></span> 
     </span>
     <span class='ocr_line' id='line_1_47' title="bbox 392 4063 2737 4137; baseline -0.005 -14"><span class='ocrx_word' id='word_1_470' title='bbox 392 4073 588 4137; x_wconf 64' lang='lat'><strong>03123</strong></span> <span class='ocrx_word' id='word_1_471' title='bbox 637 4074 847 4124; x_wconf 71' lang='lat' dir='ltr'><strong>Somni·</strong></span> <span class='ocrx_word' id='word_1_472' title='bbox 892 4073 928 4121; x_wconf 88' lang='grc'><strong>1.</strong></span> <span class='ocrx_word' id='word_1_473' title='bbox 963 4089 1010 4122; x_wconf 83' lang='lat' dir='ltr'><strong>c.</strong></span> <span class='ocrx_word' id='word_1_474' title='bbox 1044 4071 1179 4125; x_wconf 74' lang='lat' dir='ltr'><strong>Meu,</strong></span> <span class='ocrx_word' id='word_1_475' title='bbox 1212 4076 1265 4121; x_wconf 84' lang='lat' dir='ltr'><strong>et</strong></span> <span class='ocrx_word' id='word_1_476' title='bbox 1297 4069 1432 4119; x_wconf 87' lang='lat' dir='ltr'><strong>Edd.</strong></span> <span class='ocrx_word' id='word_1_477' title='bbox 1470 4085 1679 4119; x_wconf 79' lang='lat' dir='ltr'><strong>omnes.</strong></span> <span class='ocrx_word' id='word_1_478' title='bbox 1788 4068 2071 4131; x_wconf 81' lang='lat' dir='ltr'><strong>infimoque</strong></span> <span class='ocrx_word' id='word_1_479' title='bbox 2107 4071 2244 4126; x_wconf 78' lang='lat' dir='ltr'><strong>(om.</strong></span> <span class='ocrx_word' id='word_1_480' title='bbox 2281 4066 2363 4124; x_wconf 84' lang='lat' dir='ltr'><strong>in)</strong></span> <span class='ocrx_word' id='word_1_481' title='bbox 2407 4063 2737 4114; x_wconf 79' lang='lat' dir='ltr'><strong>E‹1‹1.FSPG</strong></span> 
     </span>
     <span class='ocr_line' id='line_1_48' title="bbox 392 4133 2734 4208; baseline -0.006 -16"><span class='ocrx_word' id='word_1_482' title='bbox 392 4141 537 4192; x_wconf 69' lang='lat' dir='ltr'><strong>Bnn.</strong></span> <span class='ocrx_word' id='word_1_483' title='bbox 616 4143 944 4208; x_wconf 79' lang='lat' dir='ltr'><strong>infirmoque</strong></span> <span class='ocrx_word' id='word_1_484' title='bbox 990 4139 1097 4188; x_wconf 73' lang='lat'><strong>112.</strong></span> <span class='ocrx_word' id='word_1_485' title='bbox 1412 4138 1464 4185; x_wconf 84' lang='lat'><strong>4.</strong></span> <span class='ocrx_word' id='word_1_486' title='bbox 1538 4143 1714 4186; x_wconf 85' lang='lat' dir='ltr'><strong>autem</strong></span> <span class='ocrx_word' id='word_1_487' title='bbox 1764 4135 1896 4184; x_wconf 82' lang='lat' dir='ltr'><strong>iam</strong></span> <span class='ocrx_word' id='word_1_488' title='bbox 1944 4133 2134 4183; x_wconf 88' lang='lat' dir='ltr'><strong>Somn.</strong></span> <span class='ocrx_word' id='word_1_489' title='bbox 2182 4133 2218 4183; x_wconf 93' lang='grc' dir='ltr'><strong>Ι.</strong></span> <span class='ocrx_word' id='word_1_490' title='bbox 2266 4149 2312 4182; x_wconf 86' lang='lat' dir='ltr'><strong>c.</strong></span> <span class='ocrx_word' id='word_1_491' title='bbox 2394 4139 2569 4183; x_wconf 78' lang='lat' dir='ltr'><strong>autem</strong></span> <span class='ocrx_word' id='word_1_492' title='bbox 2615 4146 2734 4180; x_wconf 85' lang='lat' dir='ltr'><strong>eam</strong></span> 
     </span>
     <span class='ocr_line' id='line_1_49' title="bbox 393 4199 2739 4266; baseline -0.006 -6"><span class='ocrx_word' id='word_1_493' title='bbox 393 4209 516 4260; x_wconf 77' lang='lat' dir='ltr'><strong>iam</strong></span> <span class='ocrx_word' id='word_1_494' title='bbox 556 4208 696 4260; x_wconf 68' lang='lat' dir='ltr'><strong>Bm.</strong></span> <span class='ocrx_word' id='word_1_495' title='bbox 736 4222 811 4246; x_wconf 71' lang='lat'><strong>2-</strong></span> <span class='ocrx_word' id='word_1_496' title='bbox 849 4221 1060 4256; x_wconf 85' lang='lat' dir='ltr'><strong>munere</strong></span> <span class='ocrx_word' id='word_1_497' title='bbox 1099 4204 1312 4253; x_wconf 82' lang='lat' dir='ltr'><strong>deorum</strong></span> <span class='ocrx_word' id='word_1_498' title='bbox 1346 4203 1468 4253; x_wconf 77' lang='lat' dir='ltr'><strong>add.</strong></span> <span class='ocrx_word' id='word_1_499' title='bbox 1501 4219 1532 4253; x_wconf 84' lang='lat' dir='ltr'><strong>a</strong></span> <span class='ocrx_word' id='word_1_500' title='bbox 1570 4219 1681 4252; x_wconf 82' lang='lat' dir='ltr'><strong>sec.</strong></span> <span class='ocrx_word' id='word_1_501' title='bbox 1719 4216 1790 4250; x_wconf 87' lang='lat' dir='ltr'><strong>m.</strong></span> <span class='ocrx_word' id='word_1_502' title='bbox 1829 4199 1886 4249; x_wconf 89' lang='lat' dir='ltr'><strong>C.</strong></span> <span class='ocrx_word' id='word_1_503' title='bbox 1933 4229 2003 4238; x_wconf 93' lang='lat'><strong>—-</strong></span> <span class='ocrx_word' id='word_1_504' title='bbox 2047 4217 2209 4266; x_wconf 79' lang='lat' dir='ltr'><strong>supra</strong></span> <span class='ocrx_word' id='word_1_505' title='bbox 2244 4216 2418 4250; x_wconf 84' lang='lat' dir='ltr'><strong>unam</strong></span> <span class='ocrx_word' id='word_1_506' title='bbox 2456 4201 2540 4247; x_wconf 82' lang='lat' dir='ltr'><strong>vl.</strong></span> <span class='ocrx_word' id='word_1_507' title='bbox 2574 4225 2644 4234; x_wconf 87' lang='lat'><strong>—-</strong></span> <span class='ocrx_word' id='word_1_508' title='bbox 2687 4203 2739 4248; x_wconf 82' lang='lat' dir='ltr'><strong>et</strong></span> 
     </span>
     <span class='ocr_line' id='line_1_50' title="bbox 392 4263 2742 4340; baseline -0.005 -16"><span class='ocrx_word' id='word_1_509' title='bbox 392 4292 551 4325; x_wconf 81' lang='lat' dir='ltr'><strong>nova</strong></span> <span class='ocrx_word' id='word_1_510' title='bbox 590 4292 644 4340; x_wconf 85' lang='lat' dir='ltr'><strong>g.</strong></span> <span class='ocrx_word' id='word_1_511' title='bbox 679 4303 748 4312; x_wconf 86' lang='lat'><strong>--·</strong></span> <span class='ocrx_word' id='word_1_512' title='bbox 783 4282 831 4326; x_wconf 84' lang='lat' dir='ltr'><strong>et</strong></span> <span class='ocrx_word' id='word_1_513' title='bbox 864 4280 939 4323; x_wconf 83' lang='lat' dir='ltr'><strong>est</strong></span> <span class='ocrx_word' id='word_1_514' title='bbox 968 4273 1151 4331; x_wconf 75' lang='lat' dir='ltr'><strong>infima</strong></span> <span class='ocrx_word' id='word_1_515' title='bbox 1186 4268 1250 4318; x_wconf 84' lang='lat' dir='ltr'><strong>F.</strong></span> <span class='ocrx_word' id='word_1_516' title='bbox 1284 4299 1352 4307; x_wconf 90' lang='lat'><strong>—-</strong></span> <span class='ocrx_word' id='word_1_517' title='bbox 1378 4272 1631 4334; x_wconf 81' lang='lat' dir='ltr'><strong>feruntur</strong></span> <span class='ocrx_word' id='word_1_518' title='bbox 1663 4269 1838 4319; x_wconf 84' lang='lat' dir='ltr'><strong>omnia</strong></span> <span class='ocrx_word' id='word_1_519' title='bbox 1870 4267 2360 4329; x_wconf 70' lang='lat' dir='ltr'><strong>Edd.FSR2Bnn.;</strong></span> <span class='ocrx_word' id='word_1_520' title='bbox 2393 4265 2582 4317; x_wconf 86' lang='lat' dir='ltr'><strong>Somn.</strong></span> <span class='ocrx_word' id='word_1_521' title='bbox 2617 4263 2656 4314; x_wconf 87' lang='lat' dir='ltr'><strong>l.</strong></span> <span class='ocrx_word' id='word_1_522' title='bbox 2692 4281 2742 4313; x_wconf 81' lang='lat' dir='ltr'><strong>e.</strong></span> 
     </span>
     <span class='ocr_line' id='line_1_51' title="bbox 396 4327 2742 4404; baseline -0.004 -15"><span class='ocrx_word' id='word_1_523' title='bbox 396 4346 453 4390; x_wconf 84' lang='lat' dir='ltr'><strong>et</strong></span> <span class='ocrx_word' id='word_1_524' title='bbox 502 4341 651 4391; x_wconf 78' lang='lat' dir='ltr'><strong>infra</strong></span> <span class='ocrx_word' id='word_1_525' title='bbox 701 4356 821 4404; x_wconf 84' lang='lat' dir='ltr'><strong>cap.</strong></span> <span class='ocrx_word' id='word_1_526' title='bbox 867 4343 962 4401; x_wconf 79' lang='lat'><strong>22,</strong></span> <span class='ocrx_word' id='word_1_527' title='bbox 1009 4339 1034 4402; x_wconf 82' lang='lat'><strong>§</strong></span> <span class='ocrx_word' id='word_1_528' title='bbox 1074 4343 1121 4386; x_wconf 79' lang='grc'><strong>1.</strong></span> <span class='ocrx_word' id='word_1_529' title='bbox 1222 4340 1548 4399; x_wconf 82' lang='lat' dir='ltr'><strong>referuntur</strong></span> <span class='ocrx_word' id='word_1_530' title='bbox 1585 4335 1760 4387; x_wconf 83' lang='lat' dir='ltr'><strong>omnia</strong></span> <span class='ocrx_word' id='word_1_531' title='bbox 1800 4334 1998 4384; x_wconf 86' lang='lat' dir='ltr'><strong>PRlG.</strong></span> <span class='ocrx_word' id='word_1_532' title='bbox 2105 4335 2281 4386; x_wconf 86' lang='lat' dir='ltr'><strong>omnia</strong></span> <span class='ocrx_word' id='word_1_533' title='bbox 2313 4338 2639 4395; x_wconf 78' lang='lat' dir='ltr'><strong>referuntur</strong></span> <span class='ocrx_word' id='word_1_534' title='bbox 2678 4327 2742 4380; x_wconf 86' lang='lat' dir='ltr'><strong>C.</strong></span> 
     </span>
    </p>

    <p class='ocr_par' dir='ltr' id='par_1_7' title="bbox 386 4400 2744 4603">
     <span class='ocr_line' id='line_1_52' title="bbox 597 4400 2744 4472; baseline -0.003 -18"><span class='ocrx_word' id='word_1_535' title='bbox 597 4411 647 4454; x_wconf 81' lang='lat'><strong>5.</strong></span> <span class='ocrx_word' id='word_1_536' title='bbox 717 4408 949 4472; x_wconf 80' lang='lat' dir='ltr'><strong>diligens</strong></span> <span class='ocrx_word' id='word_1_537' title='bbox 987 4406 1042 4454; x_wconf 85' lang='lat' dir='ltr'><strong>in</strong></span> <span class='ocrx_word' id='word_1_538' title='bbox 1075 4405 1211 4454; x_wconf 72' lang='lat' dir='ltr'><strong>hume</strong></span> <span class='ocrx_word' id='word_1_539' title='bbox 1241 4403 1322 4452; x_wconf 81' lang='lat' dir='ltr'><strong>Ab</strong></span> <span class='ocrx_word' id='word_1_540' title='bbox 1356 4403 1449 4453; x_wconf 82' lang='lat' dir='ltr'><strong>his</strong></span> <span class='ocrx_word' id='word_1_541' title='bbox 1485 4401 1672 4452; x_wconf 84' lang='lat' dir='ltr'><strong>verbis</strong></span> <span class='ocrx_word' id='word_1_542' title='bbox 1704 4400 1748 4450; x_wconf 89' lang='lat' dir='ltr'>P</span> <span class='ocrx_word' id='word_1_543' title='bbox 1780 4400 2061 4451; x_wconf 81' lang='lat' dir='ltr'><strong>transsiiit</strong></span> <span class='ocrx_word' id='word_1_544' title='bbox 2093 4403 2160 4452; x_wconf 86' lang='lat' dir='ltr'><strong>ad</strong></span> <span class='ocrx_word' id='word_1_545' title='bbox 2195 4418 2314 4466; x_wconf 84' lang='lat' dir='ltr'><strong>cap.</strong></span> <span class='ocrx_word' id='word_1_546' title='bbox 2345 4404 2432 4462; x_wconf 81' lang='lat'><strong>20,</strong></span> <span class='ocrx_word' id='word_1_547' title='bbox 2469 4400 2494 4462; x_wconf 67' lang='grc' dir='ltr'><strong>δ</strong></span> <span class='ocrx_word' id='word_1_548' title='bbox 2529 4404 2580 4449; x_wconf 82' lang='grc'><strong>7.</strong></span> <span class='ocrx_word' id='word_1_549' title='bbox 2613 4415 2744 4448; x_wconf 83' lang='lat' dir='ltr'><strong>ver-</strong></span> 
     </span>
     <span class='ocr_line' id='line_1_53' title="bbox 394 4464 2741 4534; baseline -0 -17"><span class='ocrx_word' id='word_1_550' title='bbox 394 4468 499 4517; x_wconf 79' lang='lat' dir='ltr'><strong>ba:</strong></span> <span class='ocrx_word' id='word_1_551' title='bbox 537 4487 694 4534; x_wconf 79' lang='lat' dir='ltr'><strong>quam</strong></span> <span class='ocrx_word' id='word_1_552' title='bbox 724 4472 837 4519; x_wconf 82' lang='lat' dir='ltr'><strong>iure</strong></span> <span class='ocrx_word' id='word_1_553' title='bbox 870 4487 955 4519; x_wconf 88' lang='lat' dir='ltr'><strong>cor</strong></span> <span class='ocrx_word' id='word_1_554' title='bbox 983 4471 1119 4520; x_wconf 85' lang='lat' dir='ltr'><strong>caeli</strong></span> <span class='ocrx_word' id='word_1_555' title='bbox 1153 4477 1374 4519; x_wconf 84' lang='lat' dir='ltr'><strong>vocetur.</strong></span> <span class='ocrx_word' id='word_1_556' title='bbox 1403 4497 1472 4506; x_wconf 93' lang='lat'><strong>——-</strong></span> <span class='ocrx_word' id='word_1_557' title='bbox 1507 4469 1724 4518; x_wconf 81' lang='lat' dir='ltr'><strong>collecta</strong></span> <span class='ocrx_word' id='word_1_558' title='bbox 1757 4483 1864 4516; x_wconf 90' lang='lat' dir='ltr'><strong>om.</strong></span> <span class='ocrx_word' id='word_1_559' title='bbox 1894 4466 1995 4517; x_wconf 78' lang='lat' dir='ltr'><strong>Ri.</strong></span> <span class='ocrx_word' id='word_1_560' title='bbox 2029 4496 2098 4504; x_wconf 94' lang='lat'><strong>—</strong></span> <span class='ocrx_word' id='word_1_561' title='bbox 2135 4468 2410 4531; x_wconf 79' lang='lat' dir='ltr'><strong>quiddam</strong></span> <span class='ocrx_word' id='word_1_562' title='bbox 2447 4464 2508 4515; x_wconf 86' lang='lat' dir='ltr'><strong>C.</strong></span> <span class='ocrx_word' id='word_1_563' title='bbox 2547 4495 2612 4504; x_wconf 90' lang='lat'><strong>—</strong></span> <span class='ocrx_word' id='word_1_564' title='bbox 2652 4467 2741 4528; x_wconf 82' lang='lat' dir='ltr'><strong>es-</strong></span> 
     </span>
     <span class='ocr_line' id='line_1_54' title="bbox 386 4531 2742 4603; baseline 0.002 -23"><span class='ocrx_word' id='word_1_565' title='bbox 386 4533 597 4594; x_wconf 83' lang='lat' dir='ltr'><strong>ficitur</strong></span> <span class='ocrx_word' id='word_1_566' title='bbox 633 4536 733 4587; x_wconf 83' lang='lat' dir='ltr'><strong>Rl.</strong></span> <span class='ocrx_word' id='word_1_567' title='bbox 770 4563 838 4573; x_wconf 94' lang='lat'><strong>--</strong></span> <span class='ocrx_word' id='word_1_568' title='bbox 868 4535 951 4586; x_wconf 77' lang='lat' dir='ltr'><strong>hic</strong></span> <span class='ocrx_word' id='word_1_569' title='bbox 991 4537 1141 4590; x_wconf 77' lang='lat' dir='ltr'><strong>dixit</strong></span> <span class='ocrx_word' id='word_1_570' title='bbox 1176 4535 1317 4585; x_wconf 64' lang='lat' dir='ltr'><strong>Bau.</strong></span> <span class='ocrx_word' id='word_1_571' title='bbox 1354 4565 1423 4574; x_wconf 93' lang='lat'>—</span> <span class='ocrx_word' id='word_1_572' title='bbox 1467 4533 1730 4603; x_wconf 81' lang='lat' dir='ltr'><strong>Virgilius</strong></span> <span class='ocrx_word' id='word_1_573' title='bbox 1766 4532 1902 4597; x_wconf 77' lang='lat' dir='ltr'><strong>(oin.</strong></span> <span class='ocrx_word' id='word_1_574' title='bbox 1937 4534 2089 4600; x_wconf 81' lang='lat' dir='ltr'><strong>vero)</strong></span> <span class='ocrx_word' id='word_1_575' title='bbox 2126 4533 2189 4586; x_wconf 87' lang='lat' dir='ltr'><strong>F.</strong></span> <span class='ocrx_word' id='word_1_576' title='bbox 2231 4535 2304 4586; x_wconf 84' lang='lat' dir='ltr'><strong>Et</strong></span> <span class='ocrx_word' id='word_1_577' title='bbox 2340 4531 2559 4602; x_wconf 84' lang='lat' dir='ltr'><strong>magno]</strong></span> <span class='ocrx_word' id='word_1_578' title='bbox 2608 4535 2742 4585; x_wconf 74' lang='lat' dir='ltr'><strong>Aen.</strong></span> 
     </span>
    </p>
   </div>
  </div>
 </body>
</html>
