2950 4992
207 94 269 168 198
686 90 896 163 uscuonu

206 286 366 345 vocemus,
392 264 446 333 sed
466 274 499 335 et
520 265 636 333 serrum
662 264 796 333 calidum
818 264 963 332 dicimus:
994 272 1026 331 ct
1049 264 1151 331 nivem
1175 262 1326 359 frigidam
1366 276 1402 333 et

207 373 316 421 sexum
338 350 483 438 frigidum
504 371 733 438 nuncupamus:
775 351 834 419 mel
857 350 962 429 dulce,
1000 349 1053 416 sed
1075 358 1107 415 et
1128 352 1269 417 mulsum
1297 352 1399 419 dulce

208 438 394 507 vocitamus:
432 438 544 521 horum
564 446 669 505 umen
693 438 815 523 singule
837 438 876 503 de
902 436 1031 503 diversis
1053 434 1172 503 diversa
1201 438 1400 523 significant.

181 524 310 595 delitet
329 522 413 589 enim
432 524 472 591 de
491 526 562 611 igne
583 524 672 589 aliter
693 522 731 589 de
753 524 835 591 lerro
852 524 942 591 calidi
961 542 1076 589 nomen
1096 522 1280 609 accipimus:
1313 526 1398 611 qnia

211 609 291 697 ignis
313 630 368 695 per
384 631 419 676 se
438 611 527 691 calet,
548 630 611 677 non
630 610 669 675 ab
690 609 751 675 alio
773 610 808 676 fis
830 610 956 687 calidus,
977 615 1084 674 contra
1104 607 1221 674 serrum
1240 631 1306 675 non
1330 612 1398 675 nisi

212 718 251 763 ex
274 695 335 761 elio
356 696 493 763 calescit:
531 703 568 763 ut
588 695 641 761 nir
662 694 788 781 frigida,
826 703 863 762 ut
890 695 950 761 mel
974 694 1064 759 dulce
1087 694 1142 772 sit,
1178 716 1236 759 non
1256 696 1399 763 aliunde

213 781 379 866 motingit,
413 799 488 849 saxo
506 790 610 847 tamen
632 779 729 867 lrigus
749 780 797 849 vel
819 781 920 849 mulso
939 779 1071 847 dulcedo
1092 801 1109 845 a
1132 780 1200 845 nive
1220 780 1264 845 vel
1288 784 1399 849 melle

184 867 410 955 llproaeniunt
458 867 508 933 Sic
529 875 563 933 et
581 874 664 932 stare
686 875 720 933 et
742 867 858 933 moueri
880 876 944 934 tam
966 866 1005 931 do
1032 864 1080 931 his
1104 865 1216 931 dicitur
1241 887 1319 951 quae
1346 870 1397 933 ab

214 975 249 1019 sc
270 951 424 1019 aelstani
445 952 492 1019 vel
516 960 682 1019 moventur
703 972 797 1039 quam
819 953 857 1019 de
882 953 942 1019 illis
971 972 1051 1037 quae
1079 951 1126 1017 vol
1157 951 1307 1017 sistuntur
1335 954 1396 1019 sel

216 1038 371 1122 agitantur
390 1058 431 1103 ex
453 1038 531 1105 alio:
564 1037 617 1105 sed
642 1038 756 1125 quibus
776 1039 893 1107 moveri
916 1038 955 1103 ab
974 1038 1035 1103 alio
1056 1036 1105 1103 vel
1123 1044 1204 1103 stare
1227 1038 1398 1124 contingit,

216 1122 292 1187 lraec
313 1129 346 1187 et
365 1129 447 1189 staro
469 1124 615 1191 desinunt
633 1132 666 1191 et
686 1124 819 1192 moveri:
841 1124 955 1212 quibus
973 1131 1078 1189 autem
1099 1122 1180 1189 idern
1201 1131 1250 1189 est
1269 1132 1304 1189 et
1322 1146 1397 1191 esse

217 1216 251 1273 et
271 1208 398 1287 moveri,
420 1230 591 1297 numquam
612 1231 631 1275 a
649 1219 739 1277 motu
758 1218 889 1287 cessant,
909 1209 983 1296 quia
1003 1208 1070 1273 sine
1090 1208 1224 1275 essentia
1245 1230 1303 1275 sua
1323 1232 1396 1277 csse

218 1312 283 1359 non
305 1303 451 1393 possunt:
474 1296 555 1361 sicut
571 1295 687 1363 lenum
706 1296 822 1364 omittit
842 1296 986 1373 calorem,
1007 1294 1086 1379 ignis
1107 1315 1180 1360 vero
1202 1295 1306 1361 celere
1327 1318 1398 1361 non

170 1378 341 1446 lddesimt.
382 1381 432 1447 Ab
454 1403 488 1447 se
507 1402 582 1467 crgo
602 1390 745 1449 movetur
770 1382 888 1459 anima,
918 1382 988 1447 licet
1009 1390 1041 1445 ot
1061 1380 1204 1445 animalia
1229 1381 1276 1447 vel
1301 1382 1397 1447 arbo·

220 1487 269 1532 res
290 1487 346 1552 per
369 1487 403 1533 se
427 1467 590 1535 videantur
611 1468 746 1534 moveri:
786 1468 839 1535 sed
861 1466 936 1544 illis,
964 1464 1105 1555 quamvis
1127 1466 1259 1532 interius
1281 1466 1395 1545 latens,

219 1551 279 1617 elia
299 1560 405 1619 mareu
420 1574 522 1635 causa,
540 1554 572 1619 id
593 1562 640 1621 est
660 1554 762 1622 anima
781 1555 829 1621 vel
851 1562 969 1631 natura,
991 1559 1109 1617 motum
1130 1552 1299 1618 ministrat:
1318 1553 1395 1619 ideo

221 1645 254 1703 et
273 1638 421 1705 omittunt
439 1640 500 1707 hoe
517 1639 601 1727 quod
618 1640 744 1707 aliunde
766 1647 979 1727 sumpserunt:
998 1637 1100 1703 anima
1120 1660 1196 1705 vcro
1219 1638 1260 1705 ite
1279 1659 1332 1723 per
1353 1660 1390 1703 se

221 1731 365 1789 moretur
384 1733 422 1791 ut
441 1726 521 1810 ignis
546 1747 602 1813 per
621 1748 657 1792 se
677 1727 772 1804 calet,
808 1726 892 1792 nulla
915 1723 1080 1791 adventitia
1107 1744 1200 1791 causa
1232 1724 1393 1791 velillum

173 1803 417 1875 llcalelaciente
436 1812 484 1876 sel
505 1811 585 1877 hanc
605 1821 758 1880 movente.
817 1813 911 1887 Nam,
945 1831 1015 1877 cum
1038 1810 1140 1895 iguem
1162 1810 1297 1877 calidum
1319 1810 1395 1875 dici-

224 1913 309 1967 mus,
336 1914 398 1957 non
418 1895 481 1961 duo
503 1896 623 1964 diuersa
642 1896 848 1996 concipimus,
877 1917 975 1963 unum
995 1895 1080 1981 quod
1101 1896 1239 1963 calefacit
1260 1897 1396 1963 alterum

224 1976 309 2062 quod
330 1978 446 2057 calefit,
481 1981 536 2047 sed
556 1990 658 2048 totum
680 1982 813 2050 calidum
840 1982 1009 2049 secundum
1032 2002 1119 2047 suam
1139 1991 1281 2049 naturam
1305 2004 1396 2049 voca·

225 2080 308 2126 mus:
329 2083 399 2128 cum
422 2063 525 2131 nivem
546 2064 699 2151 frigidam,
719 2089 790 2133 cum
811 2068 871 2133 mel
894 2067 983 2134 dulce
1005 2068 1203 2153 appellamus,
1225 2090 1289 2133 non
1310 2068 1397 2134 aliud

187 2147 331 2233 rre]quod
359 2148 438 2215 hanc
466 2151 645 2236 qualitatem
673 2160 808 2239 praestat
831 2153 915 2219 aliud
941 2152 990 2219 cui
1019 2161 1190 2239 praestatur
1215 2154 1414 2238 accipimus·

197 2234 274 2299 uua
294 2241 334 2312 et,
353 2256 425 2301 cum
444 2237 579 2314 animam
599 2259 655 2322 per
675 2260 708 2305 se
730 2238 846 2305 moveri
867 2238 1005 2317 dicimus,
1027 2260 1089 2303 non
1111 2238 1227 2324 gemina
1249 2240 1394 2304 conside-

226 2320 305 2386 ratio
326 2322 468 2411 sequitur
489 2322 641 2391 moventis
662 2333 694 2390 et
712 2324 799 2403 moti,
821 2322 872 2390 sed
894 2324 1014 2411 inipso
1036 2331 1118 2390 motu
1138 2321 1297 2387 essentiam
1320 2324 1398 2389 eins

294 2490 363 2548 Mes.
380 2492 585 2559 ursellum]

227 2575 291 2630 den
309 2580 362 2633 Rp,
378 2603 412 2619 ·-
437 2582 612 2634 odstrsesstss
629 2581 694 2649 giu
711 2598 767 2650 mg.
784 2606 818 2619 -
839 2596 962 2633 commus
981 2579 1022 2629 Rs
1042 2593 1105 2643 sup.
1123 2576 1167 2628 oet
1181 2592 1332 2644 concup:
1354 2577 1399 2629 lta

228 2662 290 2712 sup.
307 2649 351 2699 ecl
366 2650 466 2700 coeit·
482 2672 516 2688 -
532 2648 643 2702 diversis
660 2655 729 2711 (ons.
747 2650 793 2709 de)
812 2648 861 2699 Rl.
880 2672 915 2687 -
933 2648 1038 2699 diuersa
1055 2643 1266 2697 ursmarum
1285 2645 1398 2709 ‚,Mss.“

228 2712 315 2765 Gron.
362 2715 595 2769 dioecesi-lim.
745 2720 771 2767 8,
807 2716 1099 2783 accipienserem-
1127 2714 1167 2764 ud
1184 2718 1261 2778 (sup.
1277 2718 1323 2773 ca)
1342 2715 1396 2765 ulis

228 2780 334 2833 calescit
355 2781 407 2831 Rl.
430 2805 461 2819 —-·
490 2783 541 2833 mel
559 2791 589 2836 ut
611 2783 661 2835 Rl.
695 2791 725 2837 et
745 2786 796 2835 mel
824 2783 856 2835 Β.
886 2808 920 2823 -·-
948 2782 1080 2852 contingit
1098 2780 1397 2833 Busl’ussvliaoffla

229 2846 338 2910 ‚,Mss.“
356 2848 441 2899 Grou.
462 2849 556 2914 „Ms.“
589 2852 710 2921 contigit
727 2852 783 2920 gu.
817 2850 953 2903 coutincs't
969 2856 1012 2901 v3.
1048 2850 1188 2918 contingit,
1206 2849 1397 2919 sedperssa·

228 2921 335 2968 turum
352 2916 445 2967 clima.
479 2916 590 2980 „Verisa
607 2920 653 2970 sed
670 2936 717 2985 per
732 2927 858 2971 naturam
878 2934 929 2971 nec
948 2918 1109 2971 necessaria
1132 2922 1198 2968 sunt
1215 2934 1267 2967 nee
1284 2918 1320 2969 ab
1338 2919 1397 2969 ullo

228 2982 282 3034 Ms.
298 2983 481 3051 probantur.⁴‘
499 2984 585 3035 Gron.
602 3013 635 3023 -
651 2988 815 3053 procedunt
831 2985 863 3038 0,
1016 2991 1041 3037 9.
1076 2988 1175 3036 moveri
1190 2991 1266 3053 (sup.
1285 2986 1348 3037 edd.
1363 2986 1396 3039 ab

229 3051 298 3111 olio)
313 3052 366 3102 lli.
397 3078 432 3089 —
460 3052 580 3119 contigit
598 3054 673 3118 (sup.
690 3052 754 3103 edd.
771 3060 804 3115 n)
828 3054 877 3103 ltu.
910 3079 944 3092 —-
971 3052 1036 3106 doec
1052 3060 1123 3105 sture
1143 3059 1212 3113 (om.
1230 3058 1268 3114 et)
1289 3053 1321 3105 B.
1372 3060 1397 3107 et

229 3126 301 3169 sture
315 3125 384 3180 (cnr.
403 3118 482 3179 haec)
504 3118 555 3169 Rl.
581 3148 616 3157 —
642 3120 784 3173 desistunt
806 3120 908 3171 cli-bl'.
1062 3124 1102 3171 10.
1138 3122 1239 3172 moueri
1256 3122 1395 3173 videantur

230 3201 289 3253 eg.
306 3214 341 3223 -
362 3203 445 3238 cocco
460 3195 508 3239 est
583 3203 665 3255 quoe
679 3197 776 3241 motum
793 3188 925 3240 ministrat
947 3204 1001 3239 s-s.
1036 3187 1175 3253 „Brevius
1194 3196 1222 3240 et
1239 3206 1293 3241 non
1314 3190 1396 3258 paulo

230 3252 393 3307 concinnius
411 3254 480 3310 diss.
499 3272 594 3320 causo,
617 3256 635 3309 i.
653 3274 675 3309 e.
695 3274 739 3309 on.
756 3276 780 3309 v.
796 3264 868 3320 not,
884 3264 982 3308 motum
999 3254 1160 3309 ministrat.“
1184 3257 1270 3307 Grcn.
1293 3284 1328 3297 --
1350 3259 1398 3309 ltoo

230 3340 285 3376 om.
301 3322 333 3375 Il.
351 3347 386 3362 -·-
401 3340 546 3393 sumpsere
563 3340 625 3393 vg.
779 3330 820 3376 11.
856 3325 926 3393 quod
940 3324 1060 3377 calescit
1074 3330 1149 3393 (sup.
1165 3326 1280 3391 calefit)
1298 3324 1349 3376 lll.
1366 3352 1393 3363 ·-

230 3409 280 3444 ecc.
302 3399 427 3445 notorem
447 3409 524 3445 suum
545 3390 652 3445 BGs-a.
702 3394 844 3447 seeundum
867 3408 963 3443 onom
984 3400 1109 3444 notorum
1131 3390 1203 3461 (clrg
1224 3393 1252 3444 in
1276 3398 1347 3461 mg.)
1371 3394 1398 3457 b,

231 3462 304 3525 quod
327 3462 426 3529 probat
451 3462 537 3514 Zeun,
571 3460 633 3520 Vid.
655 3466 712 3513 not.
741 3485 776 3501 -
801 3460 878 3514 uliud
900 3476 994 3528 quoru
1020 3458 1071 3511 Rl.
1226 3464 1266 3512 12
1307 3462 1399 3514 etium

265 3629 292 3677 a
324 3642 375 3693 per
389 3644 418 3679 se
433 3628 513 3695 cuim]
538 3628 601 3682 1ο.
622 3621 717 3696 φύσει,
740 3642 789 3681 nu·
841 3630 935 3681 tentor
952 3644 1015 3681 cum
1035 3625 1217 3694 sequentibus
1235 3628 1263 3695 (ᾗ
1279 3632 1334 3691 12.)
1346 3646 1400 3682 nos

231 3698 304 3757 tura,
318 3693 365 3745 cui
381 3695 498 3761 oppo'nit
512 3695 678 3748 Aristoteles
695 3698 730 3746 de
746 3712 791 3750 sn.
840 3696 949 3765 gemino
961 3696 1135 3749 consideratio
1147 3699 1274 3749 modestus
1289 3705 1314 3751 et
1325 3700 1399 3759 sueti,

233 3762 258 3828 1,
273 3766 298 3815 3.
316 3754 388 3813 md
406 3755 583 3830 συμβεβηκός,
601 3762 623 3815 i·
641 3781 667 3817 s.
690 3764 792 3817 odoen-
841 3764 890 3815 sed
915 3769 944 3815 et
968 3769 1145 3831 opponantur
1169 3766 1399 3819 antecedentibus

232 3834 295 3885 titio
311 3847 406 3893 cnseo,
424 3830 462 3881 cf.
479 3829 493 3894 ᾗ
512 3833 555 3879 11.
841 3850 894 3885 oon
912 3832 964 3883 duo
982 3834 1088 3884 diuerso
1107 3832 1281 3900 concipimus:
1300 3841 1328 3885 at
1345 3850 1399 3886 non

265 3904 292 3952 9.
326 3899 391 3951 ltuec
409 3905 434 3951 et
457 3904 529 3951 stare
545 3897 670 3950 desinunt
691 3906 716 3950 ct
734 3914 791 3951 nto-
842 3899 992 3968 opponitur
1014 3914 1070 3953 una
1091 3907 1191 3953 notura
1214 3908 1331 3954 naturae
1349 3902 1400 3955 du-

231 3968 298 4035 om]
319 3966 364 4018 Gi.
381 3967 465 4018 Pluto
489 3967 510 4016 l.
527 3983 549 4018 c.
575 3954 608 4015 ed
627 3957 651 4016 δ’
669 3955 735 4017 litto
752 3984 792 4019 so·
842 3966 925 4036 plici,
959 3967 1008 4019 sed
1032 3968 1061 4020 id
1080 3968 1153 4035 quod
1178 3985 1224 4021 res
1245 3969 1275 4021 in
1295 3986 1325 4022 se
1347 3970 1399 4023 ha-

231 4023 421 4089 scienciis!
435 4023 791 4099 dnmmodpavomreo-
842 4037 908 4089 bont
933 4036 1075 4089 secundum
1097 4052 1174 4089 suom
1196 4046 1321 4091 naturum
1349 4054 1399 4105 op·

232 4104 296 4156 ica
313 4098 391 4170 ἔχον
406 4095 579 4167 κινήσεως,
609 4102 720 4154 παῦλαν
737 4098 792 4183 ipss
842 4104 955 4171 ponitur
982 4104 1008 4156 ei
1036 4104 1110 4172 quod
1135 4104 1246 4158 aliunde
1268 4112 1400 4174 snssptuss

231 4170 310 4238 ζωῆς.
335 4165 443 4236 μόνον
460 4163 500 4236 δὴ
513 4163 551 4223 τὸ
570 4162 655 4223 αὐτὸ
675 4186 791 4224 seruus
841 4177 870 4224 st
885 4174 1034 4226 adventitio
1051 4189 1133 4226 cosso
1149 4180 1330 4239 provocatum
1348 4181 1400 4229 est.

234 4272 259 4290 ..
276 4232 379 4292 οὔποτε
396 4227 470 4305 laiyss
485 4227 654 4305 κινούμενον.
841 4238 900 4292 Vid.
922 4246 979 4292 not.
1001 4242 1034 4293 sd
1053 4242 1066 4307 d
1084 4244 1110 4293 Β.

267 4309 308 4355 11.
342 4309 484 4358 seeundum
493 4323 570 4359 most
581 4307 717 4373 umerum]
735 4306 790 4359 i.e.
874 4308 1029 4376 accipimus]
1054 4306 1204 4375 respondet
1225 4308 1399 4363 antecedenti

233 4366 323 4434 φύσει.
373 4372 480 4423 Ζοιιιιίο
515 4376 659 4427 wenedos:
693 4390 791 4426 unum
841 4376 1015 4442 concipimus
1032 4380 1061 4428 et
1077 4376 1206 4441 sequenti
1222 4378 1397 4446 agnoscimus,

231 4440 357 4485 Μίνωα
383 4437 494 4490 videtur
521 4439 668 4493 verissima
694 4440 791 4503 lectio,
842 4446 873 4493 ut
889 4444 1055 4508 qppellomsss
1075 4442 1121 4495 bis
1138 4443 1231 4510 posito
1253 4445 1339 4497 serbe
1356 4447 1397 4499 dt-

231 4500 307 4558 quod
322 4514 377 4551 non
392 4504 475 4555 modo
491 4504 563 4557 haec
577 4508 664 4559 verba
678 4522 791 4573 permu·
841 4509 932 4562 cimus.
968 4506 1010 4560 (ii.
1029 4510 1043 4575 fi
1060 4514 1085 4561 1.
1105 4517 1135 4563 et
1151 4510 1211 4565 snt
1230 4510 1253 4576 l,
1270 4514 1296 4577 l,
1314 4516 1354 4565 11.
