2950 4992
424 814 930 929 EXGURSUS

171 1018 223 1099 su
258 1016 651 1105 conannmnoaun
682 1000 727 1104 u
761 1022 952 1109 summu
985 1022 1184 1108 suumn

424 1188 500 1254 nm.
520 1190 551 1268 1,
573 1189 664 1256 cnr.
684 1189 742 1269 ao,
763 1198 782 1267 s
807 1188 846 1257 18
868 1211 934 1289 sqq.

602 1346 755 1357 -n—

95 1440 147 1494 lle
170 1442 360 1505 magnitudine
382 1445 453 1495 solis
480 1445 673 1508 disputaturus
694 1446 857 1497 Macrobius
880 1448 899 1497 Ι.
920 1460 945 1497 o.
968 1446 1038 1497 haec
1064 1444 1227 1509 praemittit:
1286 1490 1289 1496 .

166 1523 307 1577 Sciendum
330 1534 356 1579 et
378 1528 440 1592 lsoo,
475 1530 545 1597 qnod
562 1530 654 1580 umbro
675 1535 775 1591 terroe,
809 1546 887 1597 quom
905 1531 945 1581 sol
960 1537 1020 1598 post
1039 1546 1157 1581 occatum
1175 1530 1203 1579 in
1220 1529 1263 1579 in-

158 1608 259 1673 feriore
275 1609 466 1679 hemisphaerio
483 1629 590 1665 correns
606 1630 709 1664 aureum
729 1614 803 1681 cogit
821 1614 917 1679 emitti,
953 1630 984 1666 ex
1002 1631 1055 1681 quo
1074 1622 1265 1681 superterram

156 1694 194 1757 fit
209 1694 363 1760 obscuritas,
379 1712 448 1763 φιασ
464 1713 517 1749 aon
536 1704 653 1760 vocotus,
672 1696 830 1765 sexagies
849 1698 880 1748 in
897 1698 1002 1749 altum
1019 1696 1266 1765 multiplicatur

163 1776 202 1827 ab
220 1794 258 1828 en
275 1795 426 1830 mensura
444 1796 536 1848 qnam
554 1788 665 1832 terroe
682 1782 864 1833 diametron
879 1780 990 1833 lubet:
1026 1788 1055 1834 et
1076 1782 1137 1833 lino
1154 1780 1264 1849 longi-

164 1860 280 1912 tudine
297 1864 339 1913 od
356 1863 461 1930 ipsum
482 1859 644 1916 circulum
659 1881 718 1933 per
734 1880 824 1931 qoem
843 1865 892 1916 sol
916 1866 1024 1917 currit
1049 1872 1156 1917 erecto
1175 1863 1264 1915 ceoln-

163 1943 235 1995 aiooc
253 1945 361 1998 luminis
377 1948 540 2000 tenebratio
558 1955 656 2000 terrum
672 1947 801 2013 refundit.

163 2028 194 2077 ln
214 2029 258 2080 isis
276 2030 370 2082 verbis
394 2033 465 2082 duas
490 2032 586 2096 posuit
600 2046 650 2084 res
670 2032 756 2083 nullis
775 2032 948 2097 argumentis
964 2033 1115 2095 probatas,
1150 2032 1265 2095 primum

94 2114 217 2164 umbram
236 2117 330 2165 terrae
350 2129 473 2179 aequare
491 2117 626 2181 sexagies
646 2116 857 2180 multiplicatam
876 2116 939 2168 eius
956 2116 1133 2181 diametrum,
1166 2117 1265 2168 deinde

94 2197 215 2248 umbram
237 2199 312 2250 iiiam
334 2201 369 2249 ad
388 2200 477 2263 insum
502 2202 637 2254 circulum
659 2215 709 2265 ner
729 2214 808 2265 quiem
832 2202 877 2252 sol
898 2204 994 2251 cremat
1016 2201 1157 2263 pertinere
1176 2202 1265 2261 (cont.

93 2280 197 2345 ML).

164 2368 195 2417 ln
215 2370 278 2419 ond.
299 2370 342 2418 1³2
359 2369 423 2419 nnio
443 2371 509 2421 loco
526 2370 696 2432 adscriptum
717 2373 763 2420 est
780 2368 910 2419 scholion
932 2380 988 2430 quo
1012 2368 1108 2417 eadem
1132 2368 1202 2417 haec
1219 2382 1268 2419 ra-

94 2451 135 2501 tio
153 2451 229 2503 iuter
245 2452 375 2503 cuiusvis
393 2454 524 2515 corporis
543 2456 666 2504 umbram
687 2454 806 2520 eiusque
825 2452 988 2502 diametrum
1004 2450 1180 2502 intercedere
1196 2452 1268 2503 dici-

95 2540 141 2585 tur
158 2536 201 2585 his
220 2536 331 2587 verbis:
368 2535 400 2586 ln
418 2536 468 2586 lenc
485 2538 584 2605 rogulo
600 2536 650 2587 dut
667 2536 794 2604 intelligi,
814 2534 884 2600 quod
899 2534 1042 2587 diametron
1056 2534 1266 2589 uniuscuius-

95 2633 154 2683 que
170 2620 293 2687 sexagies
312 2618 490 2687 multiplicato
504 2619 575 2683 fucit
592 2634 743 2671 menmrom
762 2618 870 2669 umbone
887 2618 1002 2668 eiusdem
1019 2617 1147 2685 corporis,
1165 2618 1203 2687 ¹si
1217 2618 1287 2669 illo·

94 2699 189 2751 umbro
205 2710 275 2753 secte
288 2702 317 2752 in
334 2702 483 2769 oppositam
498 2708 603 2769 portem
620 2701 681 2754 ierit
697 2719 745 2755 aee
762 2702 923 2755 disturbetur
938 2701 972 2752 ab
991 2700 1091 2767 aliquo.
1136 2704 1197 2753 Hoc
1216 2716 1267 2756 ve·

95 2799 155 2837 rum
171 2798 227 2836 non
245 2798 312 2836 esse
328 2787 426 2848 liquet.
472 2786 563 2837 Panlo
583 2786 738 2838 cautiorem
756 2799 788 2837 se
805 2785 947 2849 praestitit
970 2784 1042 2836 idern
1064 2787 1220 2839 scholiasta
1237 2786 1267 2839 in

96 2870 210 2921 scholio
224 2870 298 2933 quod
315 2869 421 2933 legitur
438 2871 608 2933 adscriptum
626 2872 662 2921 ad
679 2870 768 2935 §eia
797 2868 868 2923 Nota
883 2870 953 2937 qnod
969 2868 1036 2920 liter
1050 2869 1107 2921 volt
1124 2872 1266 2923 secundnm

95 2952 231 3019 inaquosi
249 2954 329 3018 dicit,
360 2954 430 3019 quod
446 2954 540 3005 amira
556 2960 643 3006 tmoa
665 2953 750 3007 tendit
770 2970 853 3021 usque
869 2954 907 3006 od
925 2953 1050 3005 circulum
1066 2952 1143 3005 eolis:
1174 2956 1268 3021 quodsi

95 3037 205 3105 diquod
227 3036 385 3089 luminosum
406 3054 500 3105 corpas
518 3038 590 3103 facit
613 3038 691 3089 aliud
711 3054 805 3105 eorpus
825 3037 944 3089 umbrosa
966 3037 1051 3089 iacere
1073 3038 1267 3106 inconpositum

94 3129 212 3190 portem,
235 3122 307 3189 quod
322 3122 373 3173 illo
390 3122 484 3173 umbro
497 3130 601 3175 tantam
619 3122 693 3173 dedet
711 3117 818 3173 leaders
833 3122 863 3173 in
880 3121 1005 3189 longum,
1028 3130 1156 3189 qnantum
1174 3140 1268 3191 corpus

96 3205 205 3257 laminis
227 3204 311 3258 distat
332 3206 365 3258 ob
388 3222 418 3258 co
431 3208 510 3274 'quod
525 3207 598 3271 facit
619 3205 748 3258 ammona
799 3205 876 3270 Quod
905 3206 1026 3272 quamvis
1053 3207 1119 3259 sotis
1145 3197 1269 3261 uiolentur
1342 3218 1343 3223 ’

93 3290 174 3355 solli,
209 3296 297 3360 muron
315 3298 362 3343 eat
381 3306 506 3354 oerum,
542 3290 570 3341 ai
585 3306 704 3357 corpas
720 3289 860 3341 luminis
877 3290 1021 3341 eiusdem
1038 3292 1268 3358 proportionis

95 3376 143 3427 ait
165 3373 208 3425 nd
230 3390 348 3441 corpus
371 3374 464 3425 caios
484 3375 595 3426 umbro
618 3381 680 3439 cst,
710 3374 804 3425 cuius
822 3372 1054 3441 proportionis
1076 3382 1123 3427 est
1151 3392 1269 3443 corpur

96 3458 177 3511 solis
193 3457 235 3508 od
251 3464 383 3509 terrosa.
433 3458 604 3509 accuratius
624 3458 707 3509 etiam
725 3472 784 3510 rem
802 3458 936 3511 tractavit
953 3457 1061 3509 Plinius
1079 3460 1112 3509 N.
1130 3461 1163 3510 fl.
1180 3460 1221 3527 11,
1240 3464 1267 3525 8,

96 3558 121 3595 a.
141 3546 199 3594 ll.:
233 3540 355 3608 Namque
373 3558 431 3592 cam
448 3542 502 3593 sint
518 3549 572 3594 tres
587 3542 741 3593 uniemur
751 3534 872 3610 figurae,
892 3548 1050 3609 coaetetquo,
1068 3542 1092 3593 ai
1105 3556 1158 3609 pur
1172 3544 1268 3596 lumini

95 3628 130 3681 tit
144 3625 258 3678 neoterio
276 3641 345 3691 quoe
361 3624 445 3677 iactat
462 3625 595 3691 ambrum,
614 3626 753 3678 columnae
770 3626 864 3695 effigie
880 3626 934 3677 ioci
950 3643 997 3678 neo
1015 3626 1109 3677 holme
1122 3628 1221 3694 finem.-
1245 3630 1269 3681 al

95 3729 157 3765 neno
175 3710 260 3761 molor
276 3710 390 3761 materia
407 3725 487 3776 quom
503 3708 604 3771 lumen,
624 3710 737 3762 intimis
752 3710 831 3771 recti,
853 3716 883 3761 nt
900 3710 935 3761 sit
951 3709 1033 3761 imum
1050 3710 1106 3761 eins
1127 3714 1267 3781 angustis-

96 3796 192 3849 simam
208 3800 234 3845 et
250 3792 332 3844 simili
348 3794 426 3845 modo
444 3794 551 3859 infinito
566 3794 721 3864 longitudo:
741 3794 765 3846 ai
783 3794 868 3845 minor
884 3794 996 3847 moterlo
1015 3811 1094 3861 quasa
1113 3795 1169 3856 lna,
1185 3803 1270 3849 metue

95 3880 219 3934 eanum
236 3877 355 3946 effigiem
367 3877 400 3927 in
415 3877 559 3928 cacuminis
567 3875 653 3945 fincta
668 3878 837 3941 dmentem,
857 3878 904 3943 qui
921 3878 1029 3941 quiden
1045 3878 1111 3929 ibid.
1126 3891 1151 3927 a.
1164 3882 1190 3929 t.
1208 3885 1270 3931 sta-

98 3966 150 4017 tuit
172 3968 266 4015 terrae
290 3962 412 4011 umbram
435 3951 502 4012 nou¹
516 3964 655 4013 excedere
678 3949 762 4013 lunae
786 3962 967 4014 altitudinem.
1003 3963 1072 4013 lude
1093 3960 1212 4023 'annuet
1233 3976 1268 4014 ne

96 4049 240 4101 veteribus
266 4044 373 4109 quidem
391 4045 481 4097 fuisse
501 4046 675 4111 incognitum
693 4046 908 4115 magnitudinem
928 4047 1042 4097 umbrae
1066 4058 1146 4109 quam
1165 4058 1270 4109 eorpus

97 4133 211 4197 aliquod
228 4131 318 4182 iaciat
333 4132 456 4193 pendere
475 4139 505 4181 et
522 4144 540 4181 a
555 4131 745 4195 magnitudine
762 4134 793 4181 et
809 4144 827 4181 a
844 4130 987 4193 positione
1003 4130 1122 4181 alterius
1138 4132 1269 4193 corporis

98 4230 153 4279 qno
171 4217 239 4266 iilud
258 4216 425 4266 illustretur.
461 4214 581 4267 Videtur
599 4228 671 4288 ergo
688 4228 755 4266 ease
773 4216 886 4279 petitio,
905 4228 986 4279 quam
1003 4214 1113 4279 dicuat,
1130 4214 1269 4283 prmoiuii,

99 4300 124 4349 si
142 4300 301 4365 magnitudo
319 4300 434 4350 umbrae
453 4303 547 4351 terras
564 4300 711 4351 adhibetur
734 4300 770 4350 ad
790 4296 1031 4350 demonstrandam
1054 4298 1268 4362 magnitudinem

98 4381 179 4433 solia.
215 4382 345 4436 ceterum
360 4384 500 4437 Macrobii
515 4384 686 4447 computatio
705 4384 883 4447 aliquatenus
900 4386 977 4433 certe
994 4386 1116 4447 constat,
1132 4382 1159 4433 ai
1176 4384 1210 4433 ad
1225 4386 1270 4436 ul-

99 4466 326 4539 tima-exigimus
350 4468 445 4530 prima.
484 4468 562 4520 Solis
585 4469 738 4540 diametros
758 4467 772 4534 i
790 4470 832 4519 ³1.
853 4467 956 4518 dicitur
975 4479 1065 4529 paene
1082 4468 1184 4531 duplex
1202 4481 1269 4529 esse

62 4578 66 4588 ·
98 4562 180 4616 quam
198 4553 293 4601 terrae
307 4551 472 4631 diametros.
499 4554 599 4613 tinod
616 4554 642 4606 ai
659 4547 802 4619 nouimus,
833 4553 955 4611 aalma
971 4555 1066 4607 terrae
1084 4565 1205 4611 aetenae
1224 4560 1270 4607 est
