2950 4992
208 110 270 177 lit
513 138 519 147 ·
692 100 901 215 Mncuourl

207 278 399 347 Atlanticum
419 296 519 352 mare,
549 275 622 339 licet
641 294 787 360 magnum
809 280 950 339 vocetur:
990 272 1028 338 de
1050 272 1136 338 caeto
1156 280 1261 339 tamen
1281 274 1387 361 despi-

207 366 360 432 cientibus
385 384 447 429 uon
474 369 576 448 potest
601 380 747 444 magnum
779 359 890 437 videri,
928 376 997 423 oum
1025 359 1062 424 ad
1091 359 1211 427 caelum
1234 361 1275 425 sit
1299 368 1386 426 terra

162 452 346 537 lOsignum,
382 448 466 535 quod
492 445 587 512 dividi
609 468 672 511 non
694 444 807 537 possit!
821 444 853 509 iu
875 452 985 531 partes.
1042 444 1116 509 ideo
1146 454 1251 511 autem
1280 455 1385 513 terrae

209 537 343 603 brevitas
363 544 428 599 tum
450 533 613 617 diiigenter
634 532 802 609 adseritur,
840 540 877 596 ut
899 532 983 615 parvi
1006 531 1203 616 pendendum
1231 533 1385 598 ambitum

187 624 308 689 ‘tamne
335 621 383 686 vir
411 618 498 684 sortis
520 617 690 703 intellegat,
724 636 804 703 quae
829 616 943 681 intem
973 636 1067 703 parvo
1095 636 1204 703 magna
1226 640 1293 684 esse
1318 641 1386 683 non

209 715 354 856 poteriii'
377 789 470 868 Quod
497 787 654 853 doctrinae
682 788 874 873 propositum
904 808 965 851 non
995 788 1098 853 minus
1127 788 1387 873 insequentibus

209 877 383 965 apparebit:
425 876 508 953 Quin
530 875 618 939 etiam
638 875 667 937 si
685 875 787 960 cupiat
802 874 904 961 proles
924 876 1100 959 puerorum
1121 875 1388 939 bominumdea'n·

209 986 277 1052 ceps
307 962 410 1027 modes
442 960 676 1046 uniuscuiusque
705 970 841 1024 nostrum
875 971 1008 1047 acceptos
1041 986 1060 1026 o
1084 962 1223 1047 patribus
1251 963 1389 1047 posteris

207 1050 353 1138 prodere,
374 1059 471 1111 tamen
486 1056 614 1133 propter
634 1045 783 1109 eluviones
805 1047 1028 1133 exustionesque
1046 1058 1210 1123 tororum,
1237 1069 1309 1133 quas
1332 1068 1387 1111 oc-

210 1135 310 1200 eune
333 1144 463 1220 tempore
483 1142 561 1196 certo
581 1153 694 1195 necesse
714 1142 768 1208 est,
806 1152 869 1195 non
889 1132 976 1197 modo
1003 1155 1067 1198 non
1087 1144 1244 1201 aeternam
1270 1133 1323 1196 sed
1344 1155 1388 1198 ne

181 1221 388 1286 2dintnrnom
412 1218 531 1305 paidom
553 1216 682 1302 plemam
709 1218 836 1305 adsequi
854 1240 1023 1303 possumus.
1084 1219 1217 1283 Virtutis
1247 1217 1385 1283 fructum

160 1305 355 1391 [rso1sapiens
377 1304 409 1367 iu
430 1303 616 1367 conscientia
637 1303 740 1403 ponit,
779 1302 882 1367 minus
905 1303 1058 1388 perfectus
1087 1304 1117 1368 in
1146 1304 1258 1389 gloria:
1297 1305 1386 1369 unde

211 1392 314 1476 Scipio
336 1389 553 1475 perfectionem
576 1407 703 1473 cupiens
723 1387 885 1453 infundere
908 1391 1013 1475 nepoti
1035 1398 1226 1473 auctorest,
1257 1399 1292 1454 ut
1310 1410 1385 1453 con-

182 1477 316 1543 itentus
335 1475 540 1541 conscientiae
559 1475 697 1561 praemio
719 1473 846 1559 gloriam
869 1496 931 1539 non
958 1476 1103 1561 requirat.
1147 1478 1182 1541 ln
1206 1496 1266 1561 qua
1289 1475 1384 1560 adpe-

211 1563 304 1630 tendo
325 1562 471 1648 quoniam
492 1562 555 1625 duo
575 1569 647 1626 sunt
669 1560 802 1625 maxime
824 1580 903 1659 quae
925 1562 1099 1660 prneoptari
1121 1562 1254 1645 possint,
1292 1570 1328 1626 ut
1344 1570 1384 1627 et

212 1670 305 1736 quam
318 1648 625 1732 tutissime-vagetur
645 1654 677 1711 et
699 1667 792 1732 quam
813 1645 984 1712 diutissime
1003 1656 1191 1732 perseveret,
1217 1654 1382 1734 postquam

212 1734 354 1821 superius
382 1734 421 1797 de
449 1732 646 1797 habitationis
670 1741 793 1797 nostrae
821 1734 969 1818 angustiis
995 1733 1174 1799 disserendo
1201 1734 1296 1798 totius
1320 1742 1385 1797 ter-

212 1840 281 1897 rae,
317 1840 397 1904 quae
418 1818 456 1883 ad
480 1818 598 1884 caetum
620 1818 725 1904 puncti
750 1819 1005 1905 locum-optinet,
1047 1820 1208 1885 minimam
1228 1818 1383 1906 quandam

280 1972 350 2023 Mas.
371 1971 394 2022 B
412 1971 448 2032 (C
467 1972 607 2038 usquead
626 1971 709 2024 finem
725 1988 786 2039 cop.
804 1972 867 2032 lx.)
882 1971 1062 2035 FSPRfflGJ

211 2058 279 2121 tinet
293 2056 386 2123 puncti
400 2055 485 2105 iocum
504 2056 605 2106 EddP.
626 2084 661 2093 —
683 2058 729 2124 pui
745 2066 809 2109 tam
828 2056 858 2107 1².
880 2087 915 2095 -
938 2060 1094 2111 atlanticum
1112 2076 1185 2110 mare
1199 2059 1272 2128 apud
1289 2076 1337 2110 nos
1363 2058 1384 2110 S

212 2126 264 2176 82.
290 2150 324 2161 -
351 2124 411 2174 iicet
428 2139 555 2190 magnum
572 2123 596 2173 B
616 2123 651 2184 [G
670 2125 724 2175 dei.
744 2126 817 2185 iicet)
834 2126 1025 2177 Rtavuurtu
1074 2129 1133 2180 licet
1151 2144 1277 2195 magnum
1295 2144 1386 2178 more

212 2201 242 2245 et
261 2194 341 2244 iicet
360 2208 513 2259 magnum
532 2189 563 2241 F.
611 2209 741 2261 magnum
760 2199 828 2253 (orn.
848 2195 920 2252 licet)
940 2194 1080 2245 suoi-nr.
1109 2224 1143 2234 -
1169 2203 1255 2247 tomen
1273 2210 1326 2244 orn.
1344 2193 1383 2243 1⁴¹.

211 2290 246 2299 ·-
271 2260 476 2327 dispicientibus
492 2264 534 2311 rt.
561 2288 595 2299 -
623 2262 743 2313 sitterra
762 2263 869 2379 signum
886 2260 994 2313 Banu.
1028 2265 1217 2329 terrasignam
1233 2263 1268 2313 sit
1287 2262 1383 2313 Pata.

212 2338 284 2382 tersa
303 2330 410 2397 signum
431 2329 466 2379 sit
485 2336 514 2379 et
529 2336 686 2395 punctum
709 2329 778 2380 Edd.
804 2328 858 2379 SG.
885 2358 919 2369 -
948 2348 1001 2381 non
1021 2338 1121 2398 potest
1147 2330 1180 2379 G.
1336 2333 1383 2381 10.

213 2414 274 2449 essa-
291 2415 344 2448 non
365 2397 475 2464 poterit,
510 2403 544 2447 at
567 2405 739 2449 contentus
759 2400 871 2465 potios
894 2399 1114 2450 conscientiae
1138 2395 1280 2461 praemio
1302 2396 1383 2462 glo-

212 2467 293 2517 riam
310 2483 372 2516 non
389 2466 549 2532 requirat.
568 2462 599 2528 0,
616 2465 695 2516 auitas
709 2466 860 2517 huessant
878 2467 978 2518 nltirnu
995 2468 1093 2526 verbu,
1111 2464 1200 2515 chr-a.
1234 2461 1325 2511 Verba
1341 2471 1381 2515 ut

275 2534 393 2599 requirat
409 2542 440 2582 ut
457 2550 473 2582 e
491 2550 513 2583 c.
533 2535 575 2594 10,
591 2534 604 2598 i
623 2537 648 2583 2
667 2534 723 2585 buc
739 2534 875 2585 translatu
894 2535 1052 2587 Gronovius
1070 2533 1171 2585 indicio
1189 2530 1254 2582 libri
1272 2529 1381 2581 Oroui-

212 2599 289 2654 ansis
307 2605 368 2651 vutt
384 2600 480 2651 deteri.
516 2601 573 2651 Vid.
598 2609 655 2653 not.

280 2668 315 2719 X.
353 2671 439 2735 Caput
458 2669 491 2719 X.
529 2670 659 2721 Mundum
674 2669 780 2736 puidam
794 2685 849 2721 esse
866 2678 1016 2727 aeternum.-
1034 2676 1144 2721 osterum
1159 2668 1221 2720 inde
1235 2684 1288 2718 non
1305 2681 1385 2733 posse

208 2732 315 2805 sperari
330 2738 531 2802 perpetuitatem
550 2738 656 2804 gloriae
673 2754 705 2788 aa
718 2740 814 2801 famae
831 2739 904 2804 apud
921 2745 1053 2805 posteros,
1088 2738 1193 2805 quando
1208 2734 1306 2787 mando
1323 2736 1383 2801 ipso

212 2811 333 2857 monente
345 2821 386 2864 ea,
400 2821 469 2870 quae
486 2805 514 2855 in
531 2805 589 2871 ipso
603 2812 673 2868 sunt,
692 2806 874 2857 vicissitudine
888 2806 1004 2873 quadam
1014 2824 1084 2857 nunc
1101 2806 1232 2865 occidant,
1243 2819 1384 2854 nanasar-

212 2889 256 2924 sur
266 2871 395 2923 oriantur.
413 2871 492 2922 cb-b.
630 2876 653 2923 1.
692 2874 769 2937 Quod
787 2906 829 2924 .·.
848 2875 986 2940 apparebit
1001 2873 1028 2925 in
1041 2874 1111 2923 alr-b
1123 2873 1284 2924 tribuuntur
1295 2868 1383 2936 ospiti

213 2938 262 2991 nt.
298 2933 426 3001 cauto,
440 2942 462 2989 1.
476 2966 505 2975 -
521 2938 714 3005 insequentibus
730 2940 866 2991 FR12.-
877 2942 947 3005 Quin
963 2936 1052 3008 etiam]
1070 2941 1164 2991 Sanan.
1184 2941 1241 3001 vlt,
1256 2943 1278 2989 1.
1289 2966 1323 2977 --
1335 2956 1384 2991 aa·

210 3009 274 3076 piet
291 3006 490 3058 Gs-nruuuo.
507 3008 643 3081 -proies
658 3008 729 3072 iiia,
748 3016 778 3059 ut
797 3009 891 3060 Sumo.
906 3011 923 3060 Ι.
936 3028 969 3073 c.,
984 3008 1209 3076 Fcbann.Bsn.
1229 3036 1260 3045 --
1280 3007 1384 3059 deinde

211 3076 395 3141 unicuiusque
414 3080 455 3124 rt.
472 3102 506 3111 -
528 3091 545 3125 a
560 3075 682 3141 patribus
700 3084 831 3144 acceptas,
848 3085 878 3127 nt
894 3077 989 3129 Somn.
1011 3078 1029 3128 Ι.
1049 3095 1082 3139 c.,
1101 3076 1243 3127 binuso.
1260 3102 1293 3113 -
1312 3082 1383 3126 carto

211 3143 245 3194 B.
264 3168 299 3181 -·
314 3151 427 3207 tempore
445 3142 520 3193 Bur.
538 3170 572 3180 -
590 3144 758 3197 omnimodo
775 3160 829 3197 nnn
845 3145 896 3196 Rt.
1037 3150 1063 3196 2.
1095 3146 1281 3213 perfectionem
1300 3143 1383 3209 scipio

212 3210 264 3261 Rs.
280 3238 314 3249 -
336 3210 509 3262 conscientiae
526 3210 589 3263 add.
606 3227 623 3262 a
642 3228 697 3261 sec.
717 3228 754 3261 m.
770 3212 867 3262 Ru·
892 3221 1021 3281 quaeret
1037 3213 1089 3263 Rl.
1242 3216 1268 3262 ³.
1304 3211 1385 3263 duae

213 3278 345 3330 liz—sa
366 3279 444 3331 sima
461 3278 696 3347 enbg.-optari
713 3278 745 3329 F.
780 3298 841 3333 non
858 3284 947 3349 optari
965 3280 993 3332 S.
1027 3280 1155 3348 probari
1172 3295 1198 3329 v.
1213 3306 1240 3317 ·-
1256 3286 1383 3345 utquam

212 3352 281 3407 (om.
296 3352 335 3407 et)
382 3350 405 3396 i.
421 3375 455 3385 -
470 3357 630 3415 perseuerat
648 3348 699 3402 [tt.
714 3374 750 3385 -
767 3349 896 3415 superias]
916 3349 1010 3400 Sarna.
1027 3366 1050 3399 c.
1064 3354 1090 3399 6.
1107 3376 1142 3387 ·—
1160 3349 1312 3399 disserendo
1326 3364 1383 3397 om.

211 3416 249 3479 1³3
267 3416 330 3468 add.
348 3430 365 3465 a
382 3432 438 3468 sec.
453 3434 487 3467 tn.
505 3416 557 3467 tta.
578 3444 612 3453 -
632 3417 790 3468 maximam
807 3422 857 3484 p‘23
879 3417 1039 3469 emendarit
1055 3418 1139 3469 Gran.
1159 3432 1192 3467 ex
1208 3420 1276 3467 vett.
1294 3431 1385 3466 mem-

245 3580 303 3614 enm
327 3564 364 3614 ad
386 3568 488 3619 caetum
510 3568 545 3619 sit
562 3574 634 3618 terra
652 3564 769 3635 signum]
821 3570 867 3621 sed
884 3568 1064 3621 tantummodo
1081 3569 1212 3637 signum
1233 3582 1289 3618 csse
1308 3567 1385 3617 dica-

211 3631 334 3682 Zeunius
352 3641 498 3700 postquam
512 3634 690 3685 scribendum
707 3650 773 3700 praa
820 3646 877 3700 tur,
900 3643 927 3686 et
948 3643 1005 3686 not.
1023 3636 1057 3686 nd
1077 3636 1119 3695 11,
1138 3640 1167 3697 2,
1186 3638 1227 3699 8.;
1263 3633 1385 3700 deniquo

211 3698 307 3767 posuit
337 3706 409 3749 terra
442 3704 478 3752 sit
509 3704 604 3767 pacari
634 3711 770 3769 punctum,
821 3708 843 3769 1,
860 3709 904 3769 20,
925 3707 979 3767 lt,
1002 3704 1040 3769 li,
1058 3709 1084 3765 5,
1105 3708 1144 3756 10.

211 3766 328 3820 adiecits
364 3767 414 3831 „Si
444 3768 489 3818 nui
516 3770 587 3820 baec
616 3770 688 3820 ratio
715 3786 770 3819 non

209 3837 317 3904 piacet,
359 3835 559 3903 interpretetur
592 3837 701 3904 signum
735 3852 770 3887 ex

210 3906 320 3956 Graeco
349 3904 450 3974 σημείῳ
478 3920 528 3969 per
555 3910 708 3970 punctum,
738 3912 770 3955 ut

209 3974 280 4025 adso
314 3981 412 4024 auctor
445 3970 615 4040 graecismo'
634 3973 770 4037 deceptus

208 4041 396 4107 tautologiam
433 4039 636 4092 commiserit.“
687 4040 768 4106 Quod

860 3808 897 3855 to.
934 3820 1001 3871 quoe
1031 3838 1055 3855 ..
1085 3822 1137 3855 non
1163 3801 1269 3870 poterit]
1303 3802 1385 3853 Haeo

820 3872 946 3924 clauicula
970 3871 1065 3923 minus
1086 3871 1187 3922 idonea
1214 3888 1277 3921 essa
1304 3870 1387 3920 vida-

818 3942 903 3993 bntnr
922 3940 1066 3991 codicibus
1088 3939 1136 4005 qui
1158 3938 1184 3989 in
1205 3938 1276 3989 tanea
1298 3940 1386 3991 verita

819 4008 986 4063 desinerent.
1033 4008 1131 4073 ltaque
1162 4001 1190 4058 in
1226 4006 1385 4072 archetypo

209 4109 419 4174 comprobabi„
436 4109 461 4161 εἰ
476 4108 637 4174 ΜΡΜΗῙ.
655 4108 689 4159 ad
709 4109 770 4158 Η·
820 4076 926 4130 codicis
943 4074 964 4126 C
983 4076 1112 4129 suisicctu
1131 4081 1196 4127 snut
1217 4072 1318 4140 cupitis
1339 4078 1385 4136 lo,

209 4184 307 4244 gutum
324 4179 432 4247 ,fnum
450 4179 485 4229 ,pp
501 4185 682 4243 nmmum,
718 4176 767 4229 „M
818 4146 874 4213 §L
897 4144 984 4196 verba
1004 4153 1034 4196 ut
1053 4152 1188 4195 contentus
1209 4143 1386 4195 conscientiae

209 4245 295 4295 vepha
322 4253 348 4297 ο,
368 4256 494 4312 punam
522 4244 688 4313 glommfi
721 4244 770 4294 pfl·
816 4214 935 4281 praemio
952 4212 1071 4281 gloriam
1087 4212 1288 4277 nuncupabat,
1312 4226 1386 4275 quae

208 4310 270 4360 hori
289 4310 428 4365 ,imm
463 4313 594 4364 comum
618 4313 655 4363 cp·
675 4313 701 4377 p,
726 4316 770 4379 16,
820 4282 884 4334 inde
906 4280 1079 4349 transierunt
1097 4281 1127 4331 in
1153 4278 1291 4331 aditiones
1309 4294 1387 4331 oom-

211 4380 253 4423 lt).
288 4377 443 4431 Punctum
470 4382 595 4433 dicerunt
626 4396 679 4431 esse
704 4396 771 4447 geo·
820 4350 926 4416 plum·

210 4447 324 4503 metrae,
357 4448 428 4510 quod
454 4480 478 4497 ..
506 4449 535 4498 in
563 4454 654 4513 pann
682 4447 770 4497 dividi
853 4444 894 4508 X,
921 4449 947 4496 3.
989 4446 1026 4496 ad
1053 4448 1153 4497 caetum
1179 4446 1272 4513 manati
1299 4444 1385 4496 iorum

210 4517 263 4550 nvn
283 4511 378 4571 possit,
413 4528 460 4562 nec
482 4514 569 4579 iprum
585 4529 650 4580 pars
674 4512 770 4579 aliqua
820 4510 930 4581 optinet]
949 4512 1011 4565 Vid.
1030 4518 1085 4567 not.
1104 4514 1139 4567 ad
1157 4530 1183 4565 a·
1202 4516 1228 4576 9,
1246 4512 1260 4578 p
1278 4516 1304 4563 9.
