2950 4992
113 157 123 173 ‘
183 154 227 224 86
665 148 874 220 ancnocss

184 324 265 390 lines
286 320 461 390 ambiente
482 320 607 386 laceram
633 335 669 385 nc
694 319 789 386 vduti
810 319 947 386 semitam
975 317 1089 384 faciens
1114 339 1170 404 per
1198 339 1289 406 quam
1309 319 1357 386 lu-

185 429 257 474 men
273 415 441 492 utrumque
459 342 602 472 incurrit
629 412 661 470 ct
678 404 759 470 intra
777 426 870 490 quom
891 404 1063 489 vagantium
1085 405 1244 471 stellarum
1270 426 1358 470 error

135 491 342 577 totcgitimus
363 499 531 558 coercetur.
574 489 660 568 Quas
684 489 754 556 idco
779 498 898 557 veteres
920 510 1022 555 errore
1043 489 1205 566 dixerunt,
1232 490 1304 576 quia
1325 497 1358 555 et

136 589 283 658 {relcursa
304 597 361 642 suo
386 575 529 642 teruntur
555 582 587 639 et
609 582 715 640 contra
744 574 891 660 sphaerae
920 574 1084 651 maximoe,
1123 574 1153 639 id
1182 584 1230 639 est
1259 576 1268 638 i
1292 575 1357 640 sius

187 663 278 742 cccli,
299 662 449 746 impetum
472 659 626 726 contrario
649 666 737 725 motu
759 660 967 726 adorientem
990 659 1028 724 ab
1050 658 1206 724 occidente
1227 597 1357 726 colion

188 755 257 824 tur,
289 753 322 812 ct
339 746 478 812 omnium
486 745 626 894 auidum
651 765 706 829 par
725 746 866 810 celeritas
894 752 997 810 motus
1025 744 1131 809 similis
1156 751 1187 809 et
1206 744 1287 808 idern
1310 751 1359 810 est

189 831 300 899 modus
321 830 453 908 meandi,
470 851 485 896 s
544 851 607 893 non
625 850 732 894 omncs
754 831 862 894 eodem
884 839 1024 917 tempore
1044 829 1138 894 circos
1159 851 1230 894 suos
1251 830 1358 895 orbes·

137 917 180 983 21
191 938 252 1003 que
273 914 448 980 conficiunt
497 915 540 980 Et
560 913 630 978 ideo
653 921 702 980 cst
722 915 863 980 celeritas
885 916 951 1001 ipss
973 914 1138 992 mirabilis,
1168 914 1253 1000 quin,
1285 935 1356 980 curn

191 1003 233 1067 sit
253 999 361 1064 eadem
387 998 528 1064 omnium
556 1019 614 1063 ncc
637 999 701 1064 ulls
728 1020 766 1066 ex
796 1001 856 1066 illis
885 1009 939 1066 aut
966 1000 1147 1065 concitatior
1173 1019 1239 1064 esse
1281 998 1359 1064 ossit

190 1092 246 1151 aut
266 1082 403 1167 segnior,
439 1105 504 1151 non
524 1083 632 1148 eodem
654 1092 758 1150 tumen
780 1086 929 1171 temporis
955 1085 1055 1170 spatio
1081 1104 1188 1150 omnes
1209 1020 1357 1152 smiitum

193 1187 283 1236 suum
307 1175 467 1265 peragunt.
510 1167 642 1235 Causam
664 1191 738 1235 scra
758 1171 815 1236 sub
837 1171 944 1236 cadem
965 1171 1121 1236 celeritate
1143 1169 1272 1254 disparis
1292 1189 1358 1254 spn-

196 1252 232 1318 tii
253 1260 355 1338 aptius
377 1273 434 1318 nos
459 1254 621 1338 sequentis
641 1254 805 1320 docebunt.

284 1337 354 1404 XV.
401 1337 458 1404 His
484 1338 524 1404 dc
551 1326 685 1404 siderum
718 1349 828 1405 natura
854 1347 886 1404 et
914 1339 1033 1405 siderea
1063 1338 1226 1403 hominum
1259 1344 1363 1402 mente

193 1423 323 1488 narratis
341 1441 448 1488 rursus
468 1423 566 1490 lilium
587 1433 682 1508 pater,
699 1434 736 1490 ut
753 1426 785 1490 in
805 1426 878 1490 deos
897 1425 976 1510 pius,
995 1433 1031 1489 ut
1050 1424 1081 1487 in
1100 1424 1241 1489 homines
1262 1424 1360 1489 iustus

193 1515 283 1585 esset,
302 1507 452 1586 hortatus,
496 1509 644 1574 raemium
665 1530 772 1576 rursus
795 1510 904 1576 adiecit
926 1509 1091 1574 ostendens
1111 1508 1241 1574 lacteum
1265 1509 1362 1574 circu·

193 1592 258 1658 lurn
279 1592 445 1658 virtutibus
466 1529 604 1660 richilam
624 1602 658 1660 ct
677 1596 838 1662 beatorum
858 1603 948 1662 coctu
970 1594 1127 1670 refertum,
1145 1595 1234 1659 cuius
1254 1592 1362 1658 memi-

195 1677 242 1742 nit
269 1676 318 1742 lris
345 1678 462 1744 serbis:
500 1682 579 1746 Erat
597 1692 696 1747 amna
716 1683 744 1745 is
764 1682 1001 1768 splendidissima
1026 1679 1156 1744 candore
1180 1681 1259 1744 inter
1278 1681 1363 1765 flam·

195 1785 260 1828 mas
281 1764 380 1828 circaea
399 1765 523 1841 elaeusa,
544 1787 629 1852 quem
648 1789 710 1843 aas,
731 1778 804 1832 ata
827 1767 920 1832 Graa's
942 1767 1102 1854 accepsitis,
1123 1765 1221 1830 orbem
1241 1766 1364 1830 lacteum

165 1848 386 1933 instrepens.
446 1849 536 1915 Orbis
563 1849 613 1916 hic
639 1850 720 1916 idem
749 1852 832 1936 quod
859 1853 958 1917 circus
984 1851 1017 1915 in
1044 1850 1131 1914 lactei
1160 1850 1364 1935 appellatione

195 1931 354 2016 significat
396 1935 455 2003 Est
472 1941 576 2002 sutem
595 1935 704 2002 manu
724 1957 807 2001 unas
828 1957 845 2000 c
867 1937 956 2001 circis
981 1935 1036 2021 qui
1061 1935 1201 2001 ambiunt
1228 1933 1364 2001 caelum:

264 2149 333 2204 n...
353 2116 618 2213 cassaneam]

196 2243 284 2289 autem
302 2253 367 2288 esse
382 2237 452 2288 ltine
464 2252 488 2288 s.
501 2245 684 2304 —utrumpse
697 2235 1006 2288 centemnunt.
1042 2236 1182 2304 utrimque
1195 2235 1221 2302 (i
1231 2252 1264 2287 ex
1276 2237 1363 2302 corr.)

196 2305 249 2356 ltu.
282 2303 721 2370 utrinqueSc-bPBun.-intra
734 2303 1079 2357 crsrnrnsrsnssnffa.
1108 2303 1364 2356 intercalarius.

298 2377 339 2422 26.
376 2373 416 2422 ab
439 2373 549 2424 oriente
570 2373 613 2424 ari
634 2374 827 2424 occidendum
850 2374 901 2424 Rl.
923 2402 958 2410 -
981 2375 1099 2424 manium
1121 2377 1190 2432 (cim.
1213 2377 1250 2432 et)
1275 2372 1306 2423 P.
1331 2399 1366 2409 -

197 2439 342 2494 sceleritas
359 2445 428 2501 (om.
445 2445 511 2507 par]
530 2440 581 2493 nr.
603 2469 637 2478 -
658 2442 727 2492 idem
751 2447 819 2502 (ianr.
839 2447 882 2502 ct)
902 2439 975 2491 FRl.
1010 2442 1039 2492 id
1056 2445 1124 2500 (om.
1141 2444 1179 2498 et)
1200 2443 1242 2490 vl.
1279 2437 1366 2504 „Cap

196 2511 228 2558 21
249 2506 271 2574 [ᾗ
289 2509 325 2575 6.]
353 2508 398 2560 sed
419 2526 476 2560 cum
496 2510 530 2560 sit
548 2509 666 2560 omnibus
688 2509 756 2562 idem
775 2509 867 2560 marius
885 2509 1000 2561 meandi.
1035 2507 1114 2558 Unde
1139 2509 1234 2558 clucet
1254 2506 1367 2558 modam

197 2577 310 2627 meandi
329 2575 402 2628 nitor
420 2593 483 2628 esse
500 2575 578 2627 aliurl
596 2592 677 2642 qnam
699 2576 790 2643 ipsum
813 2583 918 2628 martum
937 2581 966 2627 et
988 2574 1124 2626 circuitus
1144 2573 1367 2626 festinationem

198 2658 232 2696 aa
251 2643 368 2708 proinde
386 2645 478 2696 libens
495 2645 650 2711 amplectar
667 2646 739 2711 quod
756 2643 886 2710 suggerit
901 2644 1026 2709 optimus
1042 2642 1108 2694 fidei
1126 2643 1289 2694 membrana
1309 2643 1368 2694 Me-

197 2718 241 2761 tus
259 2712 367 2770 similis,
384 2712 418 2763 ici
435 2721 483 2766 est
502 2715 595 2764 modus
612 2714 750 2766 meandi.“
774 2712 859 2764 Gran.
875 2740 910 2749 -
931 2719 970 2765 est
988 2711 1081 2762 mortus
1098 2711 1205 2761 meandi
1224 2710 1260 2776 (C
1278 2725 1295 2762 a
1313 2725 1368 2760 sec.

199 2776 251 2840 m.)
269 2776 463 2829 acapnum.
500 2781 718 2833 madusmeandi
735 2788 773 2832 est
797 2780 847 2830 tte.
883 2778 1150 2831 estmadusmundi
1173 2779 1223 2828 stt.
1258 2785 1369 2830 estmo-

199 2850 253 2893 tas
267 2845 375 2893 necandi
392 2845 429 2903 (0
448 2862 464 2898 u
482 2851 577 2909 p.,m.)
595 2846 648 2896 Fs.
800 2849 842 2896 27.
880 2849 917 2898 tat
934 2848 995 2898 ideo
1013 2851 1081 2906 (om.
1100 2851 1152 2906 est)
1170 2845 1200 2896 G.
1221 2874 1254 2884 -
1279 2845 1369 2896 scele-

198 2909 270 2960 ritas
289 2909 340 2959 Rl.
357 2939 392 2946 —
409 2912 589 2965 admirabilis
604 2913 635 2962 F,
670 2913 859 2965 ammirabilis
877 2914 926 2964 Rs.
943 2943 978 2952 -
1001 2931 1060 2965 cum
1077 2915 1112 2964 sit
1129 2930 1182 2964 om.
1201 2913 1252 2964 ΕΙ.
1267 2941 1302 2950 -
1322 2929 1369 2962 ea-

200 2978 259 3029 dem
277 2978 328 3029 uis
344 2975 377 3026 F.
396 3006 431 3014 -
454 2980 608 3032 concitatior
626 2984 684 3038 (om
713 2985 774 3038 aut]
790 2981 842 3032 Rl.
878 2989 925 3033 aut
942 2981 1089 3033 excitatior
1103 2979 1134 3030 F.
1151 3009 1182 3018 -
1207 2997 1264 3032 nec
1281 2981 1370 3032 cariem

200 3046 229 3096 lr.
247 3075 281 3083 -
301 3047 396 3097 Causa
412 3045 441 3094 h.
459 3074 495 3082 -
513 3047 639 3098 docebant
657 3049 792 3112 sequentia
809 3049 861 3098 Μ.

270 3113 325 3162 XV.
366 3113 452 3178 Caput
472 3113 499 3164 X
502 3115 531 3164 V.
569 3113 609 3164 De
624 3114 744 3166 undecim
763 3116 869 3167 circulis
891 3113 989 3166 coelum
1008 3113 1187 3165 ambientibus.
1206 3112 1285 3164 cli-lt.

92 3219 96 3223 -
202 3184 226 3232 l.
262 3179 313 3230 His
331 3181 522 3231 desiderium
539 3186 565 3232 et
582 3181 682 3246 syrim
705 3180 762 3241 [sic
779 3183 838 3249 go)
856 3182 987 3234 hominum
1005 3189 1089 3232 mente
1109 3181 1144 3230 G.
1196 3180 1247 3231 His
1268 3185 1368 3230 natura

202 3256 227 3301 et
244 3247 377 3299 leontinum
394 3256 478 3300 meite
499 3249 576 3314 (sup.
593 3249 625 3300 de
641 3253 669 3300 ct
686 3250 804 3314 siderea)
822 3249 854 3301 F.
889 3250 938 3300 His
953 3255 1086 3299 naturam
1104 3255 1129 3299 et
1145 3247 1277 3305 hominum
1294 3263 1370 3298 men·

202 3325 251 3370 tes
270 3316 322 3367 Rl.
359 3315 408 3366 His
429 3318 454 3368 V
461 3317 495 3368 11
510 3317 621 3370 stellis
639 3325 773 3369 naturam
792 3326 816 3369 et
834 3317 965 3368 hominum
984 3322 1092 3367 mentes
1113 3315 1165 3364 Hs.
1181 3343 1216 3351 —
1238 3321 1370 3366 tructa-

201 3386 244 3439 tis
262 3392 290 3438 et
306 3386 425 3436 narratis
442 3385 492 3436 Rs
527 3386 662 3438 narrauit
679 3393 837 3439 cunctare
855 3384 908 3434 Hs.
926 3383 1058 3450 -filium
1077 3399 1130 3433 orn.
1150 3381 1200 3434 ill.
1217 3411 1252 3420 -
1271 3382 1299 3432 in
1317 3383 1371 3434 cleo

200 3454 277 3520 (sup.
296 3454 360 3504 adal.
377 3455 403 3518 s)
422 3453 454 3504 F.
472 3483 507 3492 -
524 3461 554 3508 et
572 3455 601 3506 in
619 3454 733 3506 homines
750 3452 781 3504 F.
816 3455 844 3504 in
861 3453 930 3506 lom.
949 3453 1016 3515 (orn.
1034 3452 1078 3513 ut)
1097 3451 1168 3501 Rl2.
1186 3479 1216 3486 -
1237 3451 1372 3502 beatorum

203 3527 271 3580 (am.
290 3527 328 3581 et)
345 3539 364 3588 g
380 3521 408 3572 in
427 3539 484 3590 mg.
508 3551 542 3562 -
565 3531 762 3574 reservatum
781 3521 909 3586 „Oxon.“
928 3520 1014 3572 Gran.
1031 3517 1080 3584 qni
1097 3523 1190 3570 tamen
1210 3517 1309 3584 probat
1326 3534 1371 3568 rc-

197 3589 310 3650 sertam.
332 3617 366 3626 —
389 3590 517 3644 circulus
539 3590 561 3642 Ρ
580 3591 639 3656 (112
656 3607 673 3642 a
692 3609 717 3656 p.
735 3591 786 3653 m.)
811 3589 863 3638 111.
890 3617 925 3625 -
944 3587 1132 3653 nuncupastis
1152 3587 1229 3652 (sap.
1253 3586 1320 3649 atis)
1341 3583 1372 3638 0.

203 3653 371 3706 nominatis
388 3654 461 3707 Bxs.
612 3663 638 3708 2.
673 3659 744 3726 quart
760 3659 788 3710 in
806 3656 885 3708 lactei
902 3655 1009 3708 circuli
1026 3654 1079 3706 Ri-
1095 3683 1130 3692 —
1146 3670 1184 3708 er
1200 3655 1276 3706 circis
1294 3651 1324 3706 G.
1359 3668 1374 3706 c

238 3855 282 3904 25.
316 3851 404 3906 lumen
416 3855 566 3922 utrumque]
581 3855 713 3909 vid-not·
727 3857 763 3909 nn
818 3856 936 3910 tiresias
954 3872 1008 3907 non
1024 3855 1064 3907 ita
1080 3854 1201 3920 dicimur,
1220 3861 1250 3908 ut
1268 3854 1372 3921 liquen-

206 3937 230 3973 c.
248 3919 314 3988 3,ζῇ
333 3924 374 3972 13.
813 3926 849 3977 tis
881 3931 996 3975 naturas
1031 3923 1186 3975 discrimina
1219 3922 1373 3989 corpulenta

238 4025 281 4073 26.
317 4021 450 4074 contrario
467 4022 548 4089 motu]
568 4021 611 4073 Gi.
631 4038 653 4073 c.
674 4025 714 4075 18.
808 3994 965 4127 ζίὲἐὲᾳῖῗῗᾶ
980 3989 1373 4109 πὶξάθξέὦέῑξωᾶἒωῖῗὲπ·

239 4121 303 4185 XV,
324 4127 350 4176 2.
389 4124 439 4175 Est
461 4130 550 4175 autem
573 4123 673 4175 lacteus
695 4140 765 4174 unus
813 4143 879 4180 mas.
915 4126 996 4176 Etrle
1013 4124 1181 4192 ipsolscteo
1199 4125 1373 4190 pauloposts

205 4191 317 4244 eeircis
339 4192 385 4260 qui
406 4191 525 4244 ambiunt
545 4189 656 4256 caelum]
684 4191 764 4255 „lma
818 4194 888 4246 Nam
916 4193 1030 4257 confinia
1063 4192 1247 4259 septentrionis
1282 4191 1375 4242 circuli

205 4274 258 4309 non
278 4275 349 4311 nnus
368 4260 418 4312 ille
436 4277 451 4311 e
470 4258 544 4325 caeli
563 4257 693 4324 circulis,
713 4259 763 4311 scd
814 4267 909 4323 natas,
942 4260 970 4309 in
986 4259 1307 4325 finitoremonturcticac
1329 4274 1374 4310 re-

205 4340 304 4438 ppppps
328 4328 530 4444 {solummodo
547 4328 582 4408 ‘in
606 4328 685 4444 capla
700 4327 764 4407 ‘cir-
814 4328 904 4395 gionis
922 4327 1085 4442 acclinans‚l
1095 4342 1181 4412 paene
1197 4335 1279 4378 totum
1297 4326 1375 4442 agile-

325 4410 493 4510 „mc
508 4409 764 4525 cccccccccc
815 4403 1014 4523 teratur
1029 4409 1158 4512 cccci
1171 4409 1416 4528 eructuat

208 4530 271 4575 ⁰⁰⁸,
308 4526 339 4571 ut
371 4528 453 4575 csuts
487 4527 602 4592 scripsit
631 4527 764 4594 Capellae
814 4525 1121 4594 negauerunt.“1'onn.
