2950 4992
262 134 733 206 commorimur.
776 139 851 222 LlB.
872 142 896 206 Ι.
939 141 1028 210 GAP.
1050 146 1133 212 XVI.
1238 147 1280 212 93

113 298 444 395 inconprehensibilem
473 303 655 369 brevitatem
690 305 738 369 sui
767 304 799 370 io
828 315 930 390 partes
958 310 1051 380 dividi
1083 339 1146 383 non
1174 317 1279 416 possit,

113 418 170 462 nec
196 396 297 478 ipsum
326 411 395 475 pars
430 389 534 476 aliqua
571 388 625 452 sed
660 392 875 456 tantummodo
904 393 1024 478 signum
1058 422 1124 467 esse
1151 402 1278 468 dicatur.

112 480 235 566 Physici
262 486 374 541 terram
407 475 444 538 ad
478 473 722 558 magnitudinem
751 475 823 538 circi
856 497 910 560 per
942 499 1033 562 quem
1067 487 1111 549 sol
1146 487 1279 552 volvitur
1357 535 1362 543 ,

113 565 217 652 puncti
239 562 365 626 modum
387 560 527 645 optinere
550 559 731 623 docueruut
775 559 827 624 Sol
850 569 952 626 autem
974 575 1090 647 quanto
1113 571 1213 635 minor
1238 573 1278 636 sit

112 653 193 716 circo
217 647 355 734 proprio,
385 643 611 729 deprehensum
632 651 687 708 est
728 643 989 711 Manifestissimis
1010 650 1092 714 enim
1115 653 1329 734 dimensio-[⁸21

112 757 188 801 uum
220 730 391 796 rationibus
418 729 555 792 constitit
587 749 762 793 mensuram
791 729 864 794 ¹solis
894 731 1134 800 ducentesimam
1161 745 1277 802 sextam

111 821 260 887 decimam
288 822 406 900 partem
435 811 549 877 hahere
575 813 794 897 magnitudinis
824 814 895 879 circi
925 838 980 902 per
1008 839 1101 904 quem
1132 822 1176 885 sol
1212 822 1277 907 ipse

111 905 264 972 discurrit.
313 899 392 964 Cum
415 917 489 980 ergo
518 898 564 961 sol
589 897 627 960 ad
650 898 766 962 circum
788 919 878 964 suum
905 922 975 985 pars
998 914 1081 970 certa
1103 906 1157 984 sit,
1197 914 1326 977 terrall
1406 960 1412 970 .

109 1011 184 1058 xero
212 987 250 1053 ad
278 987 393 1049 circum
421 981 495 1045 solis
522 990 670 1078 puuctum
697 982 738 1045 sit
767 985 850 1066 quod
876 1005 944 1068 pars
972 1009 1039 1054 esse
1074 1012 1135 1054 non
1166 992 1278 1076 possit:

111 1077 177 1141 siue
204 1069 399 1138 cunctatione
427 1065 530 1130 iudicis
564 1066 660 1130 solem
689 1073 810 1130 constat
836 1075 917 1132 terra
949 1093 1015 1138 esse
1047 1076 1211 1156 maiorem,
1252 1077 1278 1142 si

110 1160 209 1225 maior
237 1162 284 1220 est
306 1171 436 1237 perseo
463 1151 545 1235 quod
571 1151 667 1235 partis
695 1171 809 1214 nomeu
838 1152 932 1217 nimia
961 1157 1008 1221 sui
1034 1159 1183 1226 brevitate
1214 1183 1277 1227 non

111 1243 200 1329 capit.
243 1241 360 1304 Verum
381 1235 454 1300 solis
476 1236 558 1299 circo
579 1235 774 1320 superiorum
798 1235 955 1324 stellarum
978 1241 1074 1306 circos
1093 1255 1211 1310 certum
1231 1254 1277 1311 est
1289 1252 1328 1316 12

111 1349 178 1397 esse
200 1324 345 1398 maiores,
381 1321 407 1384 si
429 1341 467 1384 co
486 1321 570 1405 quod
590 1320 767 1384 continetur
786 1321 817 1384 id
840 1321 923 1406 quod
947 1326 1083 1390 continet
1105 1329 1204 1394 maius
1222 1338 1278 1408 est,

110 1435 181 1480 cum
199 1410 249 1474 hio
267 1409 308 1473 sit
328 1405 505 1472 caelestium
522 1404 722 1488 sphaerarum
745 1405 831 1482 ordo,
850 1415 885 1471 ut
906 1427 923 1470 a
942 1410 1100 1493 superiore
1122 1433 1278 1498 unaquae-

111 1519 172 1586 que
193 1494 321 1560 iulerior
340 1491 502 1556 ambiatur.
545 1490 633 1555 Unde
655 1497 687 1553 et
713 1490 805 1554 lunae
830 1490 1007 1574 sphaeram,
1044 1497 1130 1580 quasi
1153 1518 1171 1562 a
1194 1498 1278 1563 caclo

109 1584 251 1650 ultimam
272 1586 304 1644 et
325 1576 455 1642 vicinam
478 1581 595 1651 terrae,
632 1574 791 1638 minimam
819 1575 911 1651 dixit,
948 1599 1018 1642 oum
1045 1588 1127 1645 terra
1143 1582 1220 1665 *ipsa
1246 1583 1278 1646 in

110 1675 275 1756 punctum,
309 1661 398 1748 quasi
416 1679 487 1725 rere
508 1659 568 1722 iam
587 1666 756 1742 postrema,
791 1659 936 1750 deficiat.¹
959 1661 1003 1726 ·Si
1026 1685 1098 1750 ergo
1120 1666 1328 1736 stellarumld

110 1752 305 1838 superiorum
323 1745 405 1821 circi,
426 1751 462 1807 ut
483 1742 626 1817 diximus,
644 1743 726 1808 circo
744 1743 817 1808 solis
839 1752 912 1808 sunt
931 1747 1117 1830 grandiores,
1139 1751 1277 1836 singulae

110 1845 215 1902 autem
236 1833 330 1897 huius
350 1835 423 1894 sunt
445 1827 678 1912 magnitudinis,
706 1836 743 1893 ut
762 1828 800 1892 ad
822 1828 935 1894 circum
960 1852 1163 1920 unaquaeque
1186 1857 1277 1901 suum

110 1920 236 1987 modum
256 1915 351 2001 partis
371 1912 522 1999 optineat:
544 1912 610 1976 siue
632 1912 727 1977 dubio
748 1913 885 1998 singulae
906 1922 988 1980 terra
1007 1927 1080 1983 suut
1101 1921 1279 2006 ampliores,

111 2026 204 2092 quam
225 2002 263 2066 ad
287 2000 360 2065 solis
380 1998 494 2061 circum
517 1997 572 2081 qui
597 1997 809 2082 superioribus
834 1998 936 2064 minor
961 2008 1009 2066 est
1035 2011 1184 2088 punctum
1209 2027 1276 2071 esse

110 2087 327 2177 praediximus.
376 2083 423 2149 De
444 2081 533 2162 luna,
572 2081 598 2146 si
619 2103 692 2149 rere
709 2083 775 2150 loce
796 2083 872 2152 tecet
889 2085 1005 2165 aliem,
1041 2090 1200 2178 sequeutia
1223 2091 1276 2156 do-

109 2175 231 2242 cehunt.

901 2409 985 2468 [Edd.
1005 2409 1210 2482 vicahgspdeh.

108 2505 151 2553 10.
185 2500 250 2566 ipsc
267 2497 354 2562 (corr.
373 2491 403 2543 in
423 2491 523 2559 ipsum)
541 2491 593 2541 Rl.
612 2517 646 2527 -
667 2505 742 2556 quem
759 2489 829 2554 (om.
845 2490 907 2556 per)
926 2492 978 2541 Rl.
997 2521 1032 2530 -
1050 2494 1173 2544 docuere
1189 2495 1276 2560 v-gG.

107 2597 142 2606 —
163 2569 249 2618 minor
271 2571 318 2615 est
341 2562 392 2611 Rl·
415 2586 449 2595 --
471 2558 659 2623 deprehensum
674 2563 720 2606 eet.
749 2557 976 2620 Manifestissimis
993 2560 1061 2610 enim
1080 2559 1276 2612 essenus-e

109 2635 172 2685 1112
193 2625 412 2696 ,‚mcmhronso“
438 2624 514 2674 Mod.
536 2623 569 2673 N.
595 2622 627 2672 h.
653 2639 679 2686 p.
706 2625 765 2671 103.
819 2623 1006 2689 deprehensum
1030 2633 1069 2678 est
1089 2629 1277 2692 manifestissi-

107 2703 157 2752 mis
182 2705 250 2758 (om.
271 2697 361 2753 enim),
375 2690 545 2757 v-ghGBrus.
573 2717 609 2725 -
637 2689 784 2740 rationibus
804 2691 922 2752 constitit
948 2691 984 2752 (0
1007 2709 1067 2759 sup.
1091 2700 1207 2756 constet)
1230 2695 1277 2748 SG

108 2768 180 2817 Burs.
224 2763 286 2813 vio.
313 2766 370 2811 not.
414 2757 563 2811 rationibus
584 2756 695 2807 constat
719 2755 873 2806 Frexes-z
895 2760 1088 2822 „memhran.“
1110 2762 1184 2814 Mod.
1212 2763 1232 2813 l.
1252 2780 1276 2814 e.

107 2831 264 2884 rationibus.
286 2830 395 2879 Constet
413 2841 473 2892 r-g.
523 2824 678 2875 rationibus.
697 2829 800 2874 constat
818 2825 903 2875 enim
921 2826 938 2876 h
957 2842 990 2877 ex
1007 2826 1078 2878 coni.
1097 2828 1209 2894 Zcunii,
1228 2829 1277 2896 qui

102 2902 260 2964 ⁴praeeunte
276 2895 330 2946 Ed.
348 2898 444 2944 vetere
466 2889 508 2942 ait
525 2891 567 2942 ita
589 2891 740 2956 legendum
764 2895 793 2940 et
814 2890 1042 2959 distinguendum
1064 2911 1094 2946 se
1115 2901 1225 2962 putare,
1243 2925 1274 2934 ..

107 2967 204 3018 hahere
222 2963 286 3015 odd.
304 2978 321 3014 s
339 2977 394 3012 see.
412 2976 448 3011 m.
467 2957 497 3007 C.
521 2986 557 2996 -
578 2958 702 3008 decurrit
725 2957 797 3008 Bau.
951 2963 992 3012 ll.
1027 2962 1064 3013 cd
1085 2963 1182 3014 circem
1200 2980 1286 3023 suum.

106 3025 424 3089 thBsn.Bsu.Bsu.lr3
461 3025 587 3090 „rectius
614 3025 694 3090 leges
722 3041 756 3074 ex
779 3039 846 3074 mss.
873 3026 910 3076 od
936 3029 1033 3080 circum
1057 3031 1163 3083 suumn
1189 3030 1275 3082 Gron-

106 3100 256 3152 adciscunt
274 3093 450 3176 (emergunt)
468 3090 687 3173 psus-acuas.
709 3120 744 3128 -
764 3091 834 3171 quod
851 3107 905 3143 esre
924 3094 994 3156 (om,
1010 3096 1091 3163 pm)
1109 3097 1161 3147 Rq,
1181 3125 1216 3135 -
1238 3106 1277 3150 m

105 3157 1275 3294 cattle-..2¹1¹httthllnf“tt'‘t‘s‘lhlffgrlahf&pinepegn

106 3302 192 3352 Gron.
226 3299 298 3365 „Ed
316 3305 370 3352 ret.
388 3312 497 3361 quoque
514 3294 586 3345 illud
605 3294 648 3344 essi
664 3301 742 3344 recte
760 3291 895 3343 omittit.“
918 3295 1021 3358 Zeun.;
1046 3269 1076 3348 sit
1093 3299 1130 3348 cl.
1150 3299 1163 3363 ᾗ
1182 3303 1224 3351 10,
1241 3329 1276 3338 --

104 3369 206 3435 cupiat
223 3367 253 3416 C.
410 3366 448 3412 12.
484 3362 646 3428 superiorum
663 3361 763 3411 stellas
781 3360 832 3410 Rs.
849 3388 884 3398 -
901 3371 998 3414 eertum
1016 3381 1070 3414 esse
1088 3365 1165 3427 (odd.
1185 3381 1201 3417 a
1218 3383 1275 3416 sec.

105 3453 142 3488 m.
163 3436 215 3501 est)
239 3433 270 3484 (1.
296 3460 328 3468 -
350 3430 501 3482 caelestium
522 3429 586 3479 ordo
602 3444 738 3494 sperarum
761 3427 810 3477 Rl.
831 3455 866 3464 -
887 3435 912 3480 et
928 3437 1015 3482 terrae
1030 3431 1144 3481 vicinam
1168 3432 1218 3482 R2.
1240 3462 1272 3470 -

104 3519 164 3554 ecre
181 3503 211 3554 in
226 3517 281 3552 rus.
298 3499 329 3550 F.
364 3499 492 3565 sphaerae
508 3495 566 3562 chg
579 3494 607 3545 in
626 3511 682 3561 mg.
701 3494 803 3560 „quasi
822 3499 925 3546 terrum
939 3512 992 3546 non
1011 3497 1160 3563 sphaeram
1174 3499 1275 3568 digus-

105 3576 182 3629 retur
199 3569 320 3630 dixisse,
341 3567 390 3616 sed
408 3561 687 3630 sphaericumqussi
704 3569 846 3628 punctum.
883 3563 962 3628 Quod
982 3581 1034 3615 non
1050 3565 1184 3618 absonum
1204 3569 1274 3618 adeo

103 3636 200 3689 luerit.
233 3634 317 3687 Prius
331 3640 423 3685 tamen
441 3630 503 3696 quis
521 3627 701 3681 sollicitet‘l“
722 3629 801 3680 Pont.
956 3633 998 3682 13.
1033 3640 1063 3683 et
1081 3633 1207 3700 diximus]
1230 3635 1273 3687 Cl.

55 3727 71 3754 ο
104 3704 178 3770 512.
194 3732 228 3740 -
246 3703 306 3754 eins
323 3707 400 3765 (sup.
413 3700 506 3758 huius)
522 3697 553 3747 F.
570 3726 599 3736 -
622 3696 772 3747 obtineant
791 3696 894 3748 Pes-z.
927 3699 1078 3764 „ohtinect,
1105 3717 1273 3768 quamquam

103 3788 157 3822 nou
175 3785 302 3822 summae
317 3775 360 3818 est
381 3765 574 3826 necessitatis,
595 3771 686 3814 tamen
706 3763 901 3815 consuetudini
921 3765 1045 3817 auctoris
1063 3769 1274 3821 convenientius

103 3854 168 3890 esse
185 3837 325 3889 videtur.“
349 3834 434 3884 Zeun.
453 3859 488 3872 -
508 3832 633 3901 singulae
651 3847 705 3883 our.
724 3830 755 3882 C.
772 3859 806 3870 ν-
827 3840 888 3885 snut
904 3840 974 3886 terra
993 3833 1052 3886 FG.
1071 3863 1106 3876 -
1124 3837 1193 3890 lucet
1209 3836 1272 3889 add.

102 3922 121 3959 o
138 3922 196 3958 sec.
217 3922 258 3956 m.
273 3903 304 3955 0.
339 3903 435 3954 luceat
458 3898 511 3950 Re.

135 4126 177 4174 10.
214 4116 442 4184 Manifestissimis
517 4115 661 4166 dimensio·
712 4114 830 4166 constitit
859 4114 948 4166 simili
976 4116 1056 4166 modo
1084 4131 1101 4168 a
1124 4116 1269 4168 Macrohio

100 4207 163 4240 num
174 4189 322 4240 rationibus
333 4183 458 4251 constitit]
477 4184 538 4249 Qua
551 4183 659 4232 ratione
711 4187 864 4246 usurpatur
883 4182 908 4245 l,
926 4188 956 4245 6,
974 4186 1022 4244 823
1051 4183 1078 4243 1,
1101 4187 1150 4246 20,
1174 4187 1216 4234 20.
1241 4191 1270 4236 et

101 4256 156 4306 hoc
172 4256 315 4306 inventum
333 4254 386 4315 sit,
416 4250 578 4302 Macrobius
596 4251 659 4314 ipso
709 4252 758 4312 303
783 4248 824 4310 ll,
846 4251 890 4312 15,
914 4249 940 4314 ἓξ
958 4253 1007 4312 22,
1025 4252 1071 4312 26,
1090 4253 1133 4302 28,

103 4322 183 4374 docet
197 4323 221 4386 l,
238 4326 283 4388 20,
298 4322 325 4388 §fi
339 4323 432 4372 20-30.
449 4347 482 4358 -
498 4317 658 4369 Perfectum
