2950 4992
55 180 117 246 DE
140 176 248 246 DIFF.
268 175 324 241 ET
345 171 435 241 SOG.
456 172 614 241 GRAECI
630 173 762 253 Laut).
779 176 914 242 vuum.
956 178 1026 246 XV.
1043 178 1127 246 XVI.
1169 178 1244 246 251

56 351 141 417 Nam
160 346 295 413 scribone
316 345 444 411 caedcne
465 343 575 409 Onon
596 345 699 409 minus
715 365 868 412 consensu
888 347 1027 414 omnium
1047 348 1233 437 productum
1246 360 1285 425 19

9 478 10 501 ι
55 435 156 500 hahet
182 452 275 519 quarn
304 453 409 511 amone
433 430 558 495 dccccnc
585 432 743 495 octn‘cnc:
783 452 841 515 ego
868 438 973 496 tamen
1002 434 1040 499 de
1068 458 1118 516 re,
1153 459 1237 524 quae

9 548 10 587 v
56 528 202 585 auctores
225 517 327 601 magni
350 514 484 580 nominis
506 515 646 580 dubitare
666 514 747 593 lecit,
766 525 882 581 certam
904 518 1029 602 quidem
1051 542 1113 586 non
1134 526 1234 589 ausim

57 606 142 671 serre
170 603 370 669 sententiam:
401 600 643 666 adseveraverim
667 608 770 665 tamen
795 602 973 688 Virgilium,
995 604 1083 669 cuius
1104 609 1236 673 auctori-

9 724 10 757 l
56 692 116 756 tati
143 690 244 754 omnis
277 695 361 752 retro
390 694 475 751 aetas
503 695 535 751 et
562 708 641 772 quae
666 695 770 751 secuto
797 696 845 752 est
876 688 924 754 vel
955 699 1105 776 sequetur
1136 692 1235 757 libens
1273 734 1278 743 ·

9 806 10 847 l
57 772 201 852 cesserit,
235 772 375 840 Ofinalc
401 773 433 835 in
452 792 516 837 uno
541 772 668 838 omnino
690 773 785 838 vcrho
812 773 959 840 adverbio
991 776 1132 854 nominc,
1170 798 1235 842 unc

9 894 10 931 1
58 862 258 948 pronomine,
282 857 482 943 corripuisse:
510 860 571 923 εοιό
592 860 679 923 modo
701 858 762 923 ύνο
785 882 855 945 cqc:
875 896 918 909 -·
937 860 1028 926 Scio
1048 884 1095 927 me
1115 862 1235 928 Danais

9 996 10 1005 .
58 948 240 1014 eclassihns
261 967 365 1010 onum.
394 980 431 991 —
461 944 568 1009 Modo
590 944 728 1031 Iuppiter
748 946 830 1011 osset.
856 984 897 994 —
921 946 961 1014 Si
977 948 1050 1013 duo
1067 960 1235 1035 practerea.

58 1070 103 1081 —·-
123 1035 192 1102 Non
214 1052 279 1117 ιγο
300 1052 368 1095 cunc
388 1030 515 1093 Danais.
882 1072 886 1079 .

97 1170 102 1185 ,
394 1114 477 1179 XVI.
520 1114 569 1179 De
590 1113 773 1199 imperativo
800 1115 902 1180 modo.
1209 1183 1213 1191 ,

148 1202 283 1287 Semper
308 1200 390 1286 apud
420 1198 554 1265 Graecos
586 1199 670 1263 modi
700 1199 857 1266 indicativi
887 1202 1036 1286 temporis
1064 1204 1235 1289 praesentis
1268 1211 1283 1276 l

60 1287 197 1355 secunda
220 1307 351 1371 persona
373 1286 499 1372 pluralis
528 1284 634 1349 eadem
659 1293 706 1351 est
728 1307 808 1372 quae
829 1295 861 1352 et
883 1286 1073 1371 imperativi:
1114 1294 1236 1353 ποιεῖτε

59 1383 96 1439 ct
116 1374 148 1437 in
166 1372 330 1437 indicativo
353 1371 487 1436 secunda
507 1380 554 1435 est
569 1376 601 1435 et
614 1370 645 1434 in
661 1371 1143 1458 1οιμειοιὶιο,τιμῖιτεχρνοούτε
1157 1371 1236 1458 γρύ-

57 1480 139 1544 φετε
161 1462 308 1521 ποιεῖσθε
329 1459 468 1540 τιμᾶσθε
495 1458 682 1541 χροοούοθε
705 1454 838 1539 λέγεσθε
858 1454 1027 1543 γρύφεοθε
1057 1467 1089 1524 et
1114 1460 1236 1525 similia.

55 1548 128 1612 Hac
154 1544 258 1629 regula
286 1543 453 1609 memoriae
480 1542 623 1607 mandata
652 1542 779 1607 alteram
802 1542 1016 1623 subiicicmus,
1056 1553 1092 1609 ut
1114 1549 1176 1610 una
1197 1567 1236 1609 ex
1264 1551 1287 1617 2

56 1639 194 1716 utraque
223 1629 430 1695 observandae
458 1628 586 1694 rationis
619 1628 786 1693 necessitas
816 1629 986 1713 colligatur.
1035 1628 1138 1701 Omne
1168 1652 1236 1696 ver·

57 1718 136 1782 hum
165 1716 247 1801 quod
277 1714 309 1779 in
334 1715 448 1778 ΜΕΝ
469 1712 580 1778 desinit
614 1713 737 1800 qualem
772 1714 992 1798 paenultimam
1026 1714 1170 1781 hahuerit
1202 1716 1235 1781 in

59 1802 161 1888 prima
182 1820 311 1885 persona
328 1801 426 1864 talem
446 1798 627 1864 transmittit
650 1798 815 1876 secundae,
838 1800 867 1863 id
891 1809 938 1865 cst
957 1808 1080 1887 tempus
1100 1802 1286 1900 retineqel'o]

58 1887 109 1953 vel
131 1885 297 1973 productae
318 1886 366 1951 vel
386 1884 487 1950 brevis
510 1883 659 1969 syllabae:
682 1886 845 1966 λαλοῦμεν
866 1888 1003 1965 λαλεῖτε,
1027 1886 1099 1972 quia
1119 1888 1151 1951 in
1173 1908 1235 1972 prr·

59 1994 112 2039 rna
139 1974 202 2036 OT
218 1978 298 2048 erat,
320 1970 402 2035 etin
426 1969 559 2035 secunda
582 1972 638 2033 EI
651 1969 863 2056 diphthongus
885 1991 983 2057 acque
1007 1973 1096 2057 longa
1117 1993 1237 2037 succes·

60 2059 117 2125 sit:
137 2058 279 2140 septipes
298 2057 425 2139 τιμᾶτε,
447 2058 521 2118 ΜΛ
542 2056 632 2140 longa
654 2056 893 2141 syllabalocum
912 2078 1005 2143 quem
1027 2057 1058 2121 in
1081 2060 1159 2121 Moe
1182 2057 1236 2123 ha'·

59 2146 173 2209 buerat
195 2143 369 2227 occupavit:
413 2143 636 2225 οτεφανοῦμεν
656 2143 869 2226 στεφανοῦτε,
898 2142 1004 2208 eadem
1025 2141 1236 2227 diphthongus

59 2228 283 2317 perseveravit:
306 2224 455 2311 λέγομεν,
479 2226 550 2314 quia
577 2230 605 2291 Ο
627 2228 715 2293 litera
736 2228 839 2293 brevis
859 2235 921 2305 est,
942 2223 1064 2310 λέγετε,
1087 2230 1236 2313 Eaeque

59 2323 171 2381 natura
200 2315 323 2379 brevem
352 2313 469 2400 recipit.
518 2318 560 2377 nt
587 2313 619 2376 in
646 2312 844 2378 coniunctivo
870 2312 944 2397 quia
973 2311 1116 2398 producit
1143 2332 1237 2417 paen·
1266 2312 1287 2379 3

61 2401 222 2476 ultimam,
249 2395 307 2464 ἐὰν
325 2394 485 2483 λέγωμεν,
514 2396 584 2461 ideo
605 2404 637 2461 ct
658 2397 844 2463 insecundo
867 2396 1012 2480 persone,
1039 2391 1097 2460 ἐὰν
1116 2399 1238 2481 λεγιγτε,

59 2487 208 2572 produxit
230 2489 262 2549 E
281 2486 312 2548 in
337 2485 377 2547 H
395 2480 551 2548 mutando
594 2482 626 2546 Si
651 2482 746 2565 igitur
775 2477 947 2565 φεύγωμεν
973 2482 1104 2566 primam
1131 2503 1237 2567 perso·

61 2591 134 2637 nam
156 2568 328 2653 imperativi
351 2589 417 2631 esse
438 2567 584 2643 dicemus,
605 2566 754 2651 sequitur,
775 2574 819 2644 ut,
840 2565 911 2651 quia
933 2565 965 2631 in
986 2567 1099 2631 ΜΕΝ
1113 2567 1178 2632 exit
1201 2570 1236 2631 Ω

61 2654 275 2741 praecedente,
297 2652 389 2716 etiam
411 2649 562 2716 secundae
583 2671 733 2737 personae
755 2651 975 2736 paenultimam
996 2673 1035 2717 ex
1055 2653 1236 2719 necessitate

62 2740 226 2826 producat:
255 2736 338 2842 guod
360 2736 385 2800 si
405 2744 466 2813 est,
489 2732 628 2821 φεύγητε
646 2735 752 2814 locist,
775 2736 1035 2823 quemadmodum
1058 2733 1116 2802 ἐὰν
1137 2733 1236 2822 λέγω·

61 2846 123 2910 μεν
152 2818 209 2887 ἐὰν
235 2826 364 2905 λεγητε.·
406 2822 459 2886 sed
487 2822 625 2887 constitit
655 2822 785 2887 candem
815 2844 942 2908 sempor·
970 2845 1037 2888 esse
1069 2824 1235 2892 secundam

62 2914 227 2996 personam
256 2906 427 2991 imperativi
455 2928 535 2993 quae
563 2915 594 2972 et
619 2907 774 2974 indicativi
802 2907 876 2973 luit:
918 2904 1053 2993 φεύγετε
1079 2909 1238 2988 antemio

62 2995 229 3061 indicativo
251 2993 322 3071 luit,
346 3014 407 3057 non
430 2989 577 3078 φεύγητε.
622 2994 670 3058 Ex
692 2993 740 3057 his
764 2994 918 3079 colligitur
940 3015 1041 3081 neque
1063 2994 1154 3059 aliam
1181 2995 1237 3060 im·
1266 2998 1288 3061 4

62 3080 192 3169 perativi
216 3079 381 3145 secundam
401 3100 565 3165 porsonam
588 3100 654 3143 esse
676 3079 735 3144 nisi
757 3074 892 3185 φεύγετε
910 3101 967 3145 nec
983 3080 1015 3144 in
1032 3079 1237 3145 declinatione

45 3162 197 3253 φεύγετε
218 3166 382 3231 secundam
405 3186 471 3229 esse
496 3186 586 3251 posse
608 3173 680 3250 post
703 3186 891 3251 φεύγωμεν,
917 3173 949 3231 et
972 3166 1041 3231 idco
1064 3163 1238 3250 φεύγωμεν

63 3274 126 3321 non
149 3259 250 3337 potest
272 3250 445 3336 imperativi
467 3251 565 3336 prima
586 3272 654 3315 esse
680 3270 827 3335 persona:
850 3251 1062 3317 manifestum
1082 3259 1138 3317 «est
1163 3272 1237 3337 ergo

63 3338 279 3424 imperativum
302 3358 358 3401 nec
381 3336 567 3434 singularem
591 3356 647 3399 nec
667 3336 816 3421 pluralem
839 3335 952 3408 habere
973 3337 1103 3421 primam
1132 3357 1238 3422 perso·

63 3446 144 3490 nam.
188 3422 267 3503 Cum
289 3430 391 3487 autem
414 3420 543 3486 dicimus
550 3424 731 3571 gpupiamns
754 3422 903 3487 ύιζιοαιανε
925 3425 1096 3487 ιιιιλνιαοιοε
1118 3442 1238 3487 cronos

63 3512 278 3575 dccecmoeet
304 3506 431 3581 similia,
471 3506 549 3574 ade
594 3507 759 3575 ortativum
782 3528 906 3572 sensum
930 3529 992 3572 non
1015 3507 1052 3572 ad
1082 3508 1238 3594 imperati·

62 3617 136 3662 vum
160 3593 285 3657 modum
307 3592 461 3677 pertinere
490 3592 618 3657 dicenda
641 3600 722 3673 sunt.
770 3593 862 3678 Apud
883 3592 1017 3659 Graecos
1039 3594 1238 3681 imperativus
1267 3593 1289 3657 5

63 3678 228 3767 singularis
255 3680 371 3743 activus
391 3684 540 3763 temporis
571 3678 741 3763 praesentis
763 3686 795 3743 et
817 3678 974 3764 praeteriti
997 3679 1173 3766 inperfecti,
1206 3680 1239 3745 in

977 3802 1063 3865 [Edd.
1081 3802 1165 3869 pdzh.

63 3893 104 3941 18.
140 3886 306 3939 existiment
322 3885 350 3935 h.
506 3888 560 3947 11),Ι
586 3886 745 3955 Vergilium
762 3884 867 3937 unde.
886 3914 918 3923 ·-
939 3886 1021 3937 lihons
1038 3886 1143 3937 αοιοείλ
1158 3885 1190 3936 P.
1206 3912 1240 3923 -

64 3955 136 4021 Scio]
166 3953 233 4005 Aen.
256 3953 310 4018 lll,
335 3955 395 4003 602.
418 3980 449 3991 -
478 3953 568 4019 Modo]
593 3954 660 4005 Aeo.
685 3954 740 4020 lll,
763 3958 822 4006 116.
841 3982 877 3993 -
899 3954 941 4021 Se]
963 3954 1031 4005 Aen.
1048 3953 1102 4016 xl,
1124 3956 1185 4004 28⁵.
1206 3980 1240 3992 -

63 4024 221 4154 nmgppn
241 4022 446 4141 il’rlliiacn
469 4094 537 4150 (um.
558 4060 600 4148 αα
627 4086 729 4140 mar.
753 4114 785 4127 -
813 4086 1037 4141 rurrmcon
1055 4088 1089 4139 P.

62 4165 86 4213 2.
120 4160 290 4215 ονύίῖοίιαιιο
311 4158 389 4225 μ2-1).

98 4282 137 4331 19.
175 4277 393 4345 delitarc'secit]
425 4276 487 4329 Vid.
513 4280 568 4328 not.
591 4274 626 4327 ad
712 4279 737 4330 ,3.
773 4277 902 4344 constitit]
927 4276 988 4329 viu.
1006 4280 1062 4329 not.
1081 4274 1116 4329 nd
1133 4272 1241 4331 comm.

66 4342 171 4397 comm.
189 4348 227 4411 11,
247 4352 333 4407 5,19.
679 4344 702 4409 l,
722 4348 763 4407 16,
784 4348 825 4394 lo.

99 4416 181 4465 omnis
207 4422 276 4465 retro
303 4413 387 4481 notas]
418 4411 479 4464 vtd.
507 4414 562 4463 not.
591 4410 626 4463 ad
713 4413 739 4461 4.
774 4412 812 4463 cd
846 4412 1039 4463 exhortativum
1071 4426 1175 4462 ιιιιιοιιι
1212 4442 1239 4461 ..

9 4466 11 4523 l
67 4478 212 4544 Gummi,
232 4486 276 4543 21,
295 4486 319 4531 9.
676 4480 809 4545 pertinere
826 4480 939 4531 dicenda
952 4479 1024 4547 runt]
1040 4479 1083 4531 (ll.
1097 4477 1241 4539 ,Prisciern

100 4548 170 4600 xvt.
206 4544 416 4615 Deimpevatiuo
430 4546 519 4627 mgdo]
535 4544 629 4597 otta
679 4545 729 4597 lih.
749 4546 823 4609 vm,
843 4562 906 4614 cup.
926 4547 961 4598 de
980 4564 1063 4614 perso
1084 4549 1091 4562 ⁸
1114 4566 1121 4598 ι
1147 4548 1242 4615 ltaque

67 4617 153 4669 verbo
167 4635 191 4669 c.
210 4620 238 4667 2.
679 4631 748 4681 quoe
770 4616 861 4667 hutini
886 4617 914 4666 ιἰι
934 4616 1061 4701 plurali‘
1078 4632 1168 4670 nmero
1190 4617 1258 4672 tw.

1033 4696 1085 4773 11
