2950 4992
553 193 556 200 .
603 133 740 202 CAPUT
764 135 804 200 ll.
1265 159 1320 203 ιιι

161 304 263 358 [ιίοιο
280 304 350 358 Vll.
375 303 553 357 eontinentur
578 321 723 359 vermouce
747 305 805 358 dle
833 304 938 362 tertio
958 304 1052 360 uoltu
1074 306 1168 360 inter
1192 309 1319 376 poculo

90 391 228 457 (monimo
251 407 284 442 ex
305 395 385 457 purte
407 392 442 442 de
463 389 620 442 Plutarcho
643 389 816 456 compilati).
851 390 1001 461 Dirpotoot
1018 393 1139 461 primum
1161 395 1198 458 (c.
1223 395 1259 457 1.)
1283 395 1318 446 do

91 475 276 543 philosophia
300 477 336 528 orl
357 477 458 543 epulor
482 473 657 527 admittendo
683 474 911 543 Symmachus
931 484 961 531 et
982 478 1208 546 Eurtrtlrinr,
1233 497 1317 549 qoem

90 568 123 612 ut
147 561 314 614 sententium
339 577 420 614 enam
444 563 566 626 exponet
587 565 745 612 commonet
761 559 874 612 Furius.
915 561 1022 615 Deinde
1038 565 1073 617 eb
1091 563 1197 616 Avieno
1215 580 1317 632 provo·

89 651 172 699 cotue
189 645 404 699 Euetothiue
423 645 515 708 docet,
533 645 568 710 (ο.
576 646 614 708 2.)
633 644 735 712 quibui
752 645 1022 714 interrogetieoibor
1038 649 1213 702 delectentur
1228 649 1316 701 inter-

88 731 201 800 rogati,
226 738 254 783 ct
269 733 305 796 (c.
322 732 361 794 3.)
379 747 434 796 quo
449 735 630 782 eoommetnm
648 747 753 798 genere
771 731 904 784 urendum
920 730 960 783 rit
977 731 1051 784 iuter
1067 734 1176 800 poculo.
1210 734 1318 787 Sordet

88 823 186 870 nutem
209 820 245 884 (c.
263 817 301 882 4.)
318 815 579 878 Praetextatus,
606 819 637 866 ut
658 816 787 869 convivio
806 824 872 884 opto
888 816 1054 882 loquentur,
1080 834 1152 883 „nec
1169 818 1203 871 de
1221 819 1318 872 cibuto

88 910 199 956 tontum
216 903 265 954 ced
284 907 313 952 et
332 902 367 952 de
384 906 482 953 notura
500 917 645 968 corporum
658 903 703 953 vel
717 902 807 972 olio“,
816 909 845 955 et
859 907 891 956 ot
903 919 954 971 per
966 902 1095 956 ordinem
1114 919 1186 956 onor
1200 903 1317 970 quicque

87 993 231 1057 proponet
254 987 446 1052 quoertiouem
464 987 576 1040 Dicorio
603 988 776 1042 solvendum.
822 989 886 1056 lpee
905 987 942 1057 [l]
959 988 1086 1056 quoerit,
1112 995 1227 1055 „utrum
1248 988 1318 1041 oim-

88 1075 159 1140 plex
183 1088 217 1124 on
241 1073 388 1140 multiplex
406 1073 486 1125 cibor
503 1073 616 1142 digestu
633 1073 670 1127 rit
689 1073 837 1139 iooilior“,
861 1080 944 1142 etque
960 1073 1124 1128 Dierrior
1144 1076 1319 1127 demonrtrot

93 1156 309 1225 praeterendum
328 1176 390 1211 esre
408 1159 500 1210 cibum
519 1158 693 1226 simplicem,
718 1159 764 1211 cni
781 1161 819 1226 (ο.
835 1163 872 1226 5.)
889 1165 926 1212 ob
938 1161 1086 1229 Evangelo
1102 1167 1132 1214 et
1144 1159 1317 1229 Symmacho

94 1249 261 1308 provocetur
277 1247 437 1312 obloquitur
451 1245 674 1298 Eurtotlriue.
709 1245 773 1310 Quo
791 1244 982 1313 disputatione
998 1246 1158 1300 admonitor
1175 1245 1317 1300 Florio-

95 1344 155 1380 uue
171 1329 265 1382 eludet
281 1332 316 1385 (c
330 1335 367 1398 6.)
387 1333 509 1399 probore
526 1329 623 1382 vinum
641 1334 739 1382 natura
753 1347 817 1383 ecco
835 1329 989 1400 trigidum,
1017 1330 1091 1382 idem
1109 1332 1160 1398 [ll]
1178 1331 1280 1384 deinde
1300 1347 1316 1381 e

94 1412 341 1483 Diuerioquoerit,
367 1433 518 1484 „curroro
535 1414 710 1467 inebrientur
728 1416 877 1480 mulieres,
905 1417 1004 1467 crebro
1022 1418 1135 1468 reuer“.
1169 1415 1317 1484 Symmo-

94 1498 175 1553 cliuo
193 1500 293 1554 deindo
309 1504 346 1568 (ο.
361 1508 398 1570 7.)
427 1510 456 1556 οι
477 1503 591 1554 lloroe
615 1499 650 1551 de
673 1517 706 1551 eo
730 1500 891 1568 disputant,
915 1504 1009 1551 utrum
1026 1498 1199 1565 „mulierum
1217 1507 1318 1552 notura

92 1583 129 1636 rit
146 1585 279 1654 frigidior
294 1606 378 1656 quem
398 1589 534 1652 virorum,
551 1601 586 1638 on
610 1583 762 1651 calidior“,
779 1591 864 1653 etque
881 1586 933 1638 ille
952 1585 1016 1652 [lll]
1035 1584 1178 1638 Dicoriom
1196 1584 1318 1637 interro·

93 1675 154 1738 got,
177 1689 270 1738 „quoe
288 1673 362 1726 retio
381 1675 415 1725 ‹le
434 1677 527 1724 murto
545 1669 709 1721 ebrio‘otem
727 1676 777 1722 out
796 1673 905 1724 tordom
927 1670 989 1722 lieri
1009 1671 1096 1723 lociot
1113 1675 1163 1722 out
1179 1670 1317 1734 nullom“,

94 1759 122 1806 et
138 1755 266 1808 Furius
290 1757 348 1826 [tv]
369 1757 514 1810 Albinus
537 1757 571 1820 (ο.
591 1757 642 1820 8.),
672 1770 743 1822 quoe
763 1770 849 1807 coneo
872 1755 991 1808 difficile
1008 1757 1122 1826 digestu
1142 1755 1230 1808 iociot
1246 1753 1318 1807 inei·

95 1838 199 1906 cium“,
210 1848 340 1908 et„quoe
358 1843 473 1907 elliciot,
485 1847 516 1893 ut
535 1841 660 1893 nonnulli
677 1857 775 1895 eomer
793 1841 946 1896 validioree
964 1843 1080 1896 lucilio·
1091 1841 1315 1910 digeroutquom

96 1927 230 1988 tenuee“;
249 1924 402 1979 coccino
420 1928 463 1995 [V]
479 1926 634 1992 illisione,
653 1944 746 1994 „quoe
763 1927 849 1980 ioeiot
866 1945 961 1994 couno,
980 1934 1012 1981 ot
1027 1927 1121 1997 riuopi
1139 1933 1166 1979 et
1184 1926 1276 1994 piper,
1288 1925 1315 1978 ri

95 2009 221 2074 opposito
244 2010 291 2062 oui
312 2011 430 2078 inerint,
455 2013 556 2065 vulno·
574 2011 692 2076 fuciunt,
718 2014 852 2068 devorato
870 2031 937 2067 vero
953 2015 1061 2068 nullom
1080 2011 1193 2066 ventrio
1204 2011 1316 2081 corpori

93 2089 213 2146 inierunt
228 2094 410 2163 laesionem“,
430 2104 458 2150 et
474 2115 546 2162 „cur
560 2097 588 2151 in
599 2100 728 2168 Aegypto
747 2099 841 2152 vinum
859 2101 967 2169 frigido
987 2089 1091 2153 virtute
1108 2098 1270 2162 uerootor“,
1287 2101 1317 2148 et

92 2194 160 2238 „cor
174 2179 222 2246 qni
239 2179 268 2233 in
288 2197 388 2249 aquom
406 2184 583 2238 descenderit
599 2186 731 2252 celidom,
747 2185 772 2238 ri
789 2187 900 2256 agitatu
917 2203 969 2238 eoo
987 2201 1087 2252 nqnom
1107 2182 1236 2246 moverit,
1255 2197 1316 2233 mo-

93 2261 176 2316 iorem
195 2265 300 2318 sentiet
317 2269 477 2335 celoreur“,
496 2277 525 2322 et
543 2276 687 2336 ‚‚oertote,
709 2291 771 2325 cum
788 2289 837 2326 oer
853 2271 965 2326 colidur
983 2271 1074 2323 llolrro
1089 2258 1248 2332 moventur,
1262 2283 1316 2319 non

94 2350 210 2403 colorem
227 2353 278 2404 eorl
296 2351 387 2422 frigor
405 2355 565 2421 nequiret“;
583 2358 619 2420 (ο.
636 2357 677 2422 9.)
695 2359 900 2426 Evrngelue
912 2355 979 2424 [v1],
998 2372 1068 2418 „cur
1081 2354 1131 2421 qui
1147 2355 1188 2405 ito
1205 2367 1237 2402 ee
1253 2367 1317 2402 ver·

94 2437 163 2500 tunt,
190 2443 221 2490 nt
246 2453 332 2504 coepe
355 2437 384 2490 in
407 2441 503 2493 orbern
526 2447 669 2505 notentur,
695 2442 867 2510 vertiginem
891 2439 1050 2507 potientur,
1078 2443 1108 2489 et
1124 2452 1197 2501 „cur
1218 2451 1317 2490 teneor

94 2535 185 2574 omnen
198 2521 325 2590 corporis
335 2538 353 2575 o
366 2525 482 2576 cerebro
497 2526 701 2588 ministrentur,
711 2543 774 2576 com
784 2527 902 2577 cerebro
917 2540 971 2575 non
984 2522 1053 2575 ineit
1064 2523 1198 2585 reuenr“;
1214 2521 1249 2586 (c.
1263 2522 1316 2585 io.)

94 2603 259 2659 Eusebiue
270 2607 354 2673 [v11]‚
366 2623 417 2658 cur
428 2606 667 2676 πολιοκροτάφους
676 2625 759 2662 veneo
772 2609 1010 2671 rocetllomcroe,
1019 2612 1048 2660 et
1060 2623 1112 2659 cor
1123 2606 1256 2674 „feminis
1273 2608 1317 2664 vel

97 2789 191 2838 coneo,
209 2781 240 2826 nt
260 2776 347 2826 rubor
364 2777 474 2841 corpori
493 2796 526 2831 οι
543 2778 631 2832 enimi
650 2781 757 2847 pudore
771 2785 938 2844 uorcetor“;
962 2781 997 2844 (ο.
1014 2782 1068 2847 12)
1085 2779 1234 2833 dvieoue
1253 2781 1315 2850 [tx]

98 2859 223 2925 proponit
241 2861 464 2927 quattuordecim
483 2864 712 2932 quorrtiunoolee
730 2866 766 2918 do
786 2865 858 2918 etot·
875 2871 905 2918 et
921 2865 1098 2934 potionibor;
1123 2867 1159 2932 (e.
1176 2868 1231 2934 13)
1248 2867 1315 2918 llo-

98 2961 154 2996 rur
169 2943 213 3015 [ll]
231 2947 355 3014 quaerit,
372 2966 444 3015 „cor
462 2948 548 3002 ieiuni
567 2951 660 3019 mogi·
676 2951 776 3005 ritiont
792 2968 875 3019 quom
893 2951 1055 3015 eenriout“,
1080 2957 1110 3004 et
1125 2969 1196 3018 „cnr
1213 2953 1315 3005 oculor

96 3026 124 3080 in
148 3030 233 3099 digito
264 3034 313 3100 qui
337 3033 452 3087 minimo
477 3036 587 3088 vicione
609 3043 653 3090 eet
674 3043 841 3108 gestetur“,
867 3039 897 3089 ct
917 3035 1098 3104 „curmogir
1119 3037 1212 3089 dulcio
1230 3053 1314 3105 quern

96 3115 168 3167 eolre
185 3133 256 3184 equo
275 3118 377 3171 idoneo
395 3119 434 3170 rit
450 3123 581 3177 rordilrue
599 3122 778 3178 oliluendie“.
815 3122 976 3175 Arirtotelie
994 3123 1030 3175 do
1046 3122 1101 3174 iroo
1120 3138 1150 3173 re
1168 3137 1185 3174 o
1201 3121 1314 3174 llirorio

98 3203 215 3266 prolotoe
231 3204 391 3257 sententiae
408 3206 570 3273 obloquitur
586 3209 802 3264 Eurtotlriur
818 3208 891 3276 [lll],
909 3209 957 3276 qui
976 3211 1013 3273 (c.
1031 3210 1084 3275 14.)
1103 3201 1229 3274 quoeril,
1242 3224 1314 3274 „cur

97 3286 123 3339 iu
137 3307 205 3357 equo
220 3291 378 3344 simulacro
396 3293 503 3345 maiore
517 3294 594 3347 verie
612 3295 787 3348 videantur‘t
823 3296 886 3362 Quo
902 3294 1052 3348 occooione
1069 3294 1165 3346 oolam
1184 3310 1246 3344 cnm
1263 3293 1313 3344 Di·

96 3375 180 3428 corio·
196 3376 314 3445 Epicuri
333 3377 367 3428 rle
386 3377 448 3430 vieo
466 3380 635 3432 sententium
655 3380 817 3448 protulerit,
843 3387 940 3433 contro
959 3379 1030 3431 dicit
1045 3377 1224 3430 Euetothiue·
1259 3375 1313 3428 (lui

96 3476 153 3512 cum
170 3479 265 3515 omnes
281 3461 392 3514 oscensi
409 3463 465 3516 rint
478 3471 514 3530 (ο.
530 3465 593 3529 15),
604 3465 734 3518 Diruriuo
742 3467 889 3520 Plutonem
906 3463 1050 3529 vituperet
1065 3461 1204 3513 dicentem
1218 3460 1313 3514 cilium

96 3561 142 3611 per
160 3549 450 3612 stomachum-trelri,
476 3557 571 3619 potum
594 3568 660 3602 vero
684 3568 734 3619 per
755 3551 890 3604 orterinm
914 3565 987 3617 quoe
1007 3549 1122 3616 τραχεῖα
1144 3546 1254 3600 ιΙίοοιιιι·
1277 3548 1312 3600 il-

100 3631 152 3682 lolri
181 3633 319 3700 pulmoni3
354 3634 499 3686 Plutonem
528 3636 652 3688 defendit
681 3637 858 3691 Euetotlrioe.
903 3635 1079 3704 Evangelo
1109 3635 1145 3698 (c.
1175 3637 1227 3700 16.)
1255 3633 1311 3687 ioci

100 3731 177 3769 coneo
200 3725 366 3786 quaerente,
386 3727 500 3784 „utrum
522 3723 600 3789 priua
617 3723 727 3792 galline
745 3741 778 3774 οι
795 3740 848 3776 ovo
872 3738 907 3777 oo
927 3739 1011 3775 ovum
1029 3739 1063 3774 ex
1082 3721 1192 3792 gollino
1210 3739 1311 3789 coepe-

100 3798 164 3865 rtu‘,
189 3805 257 3858 hanc
276 3807 471 3874 qoooetionom
491 3826 542 3875 pro
559 3810 635 3863 eerio
651 3814 753 3862 tructot
771 3807 910 3860 llieorire.
943 3808 1071 3875 Denique
1086 3809 1161 3861 iden
1180 3809 1311 3873 Evange-

101 3885 141 3935 lor
158 3892 274 3957 quaerit,
304 3911 374 3958 „cur
392 3909 504 3959 noxum,
529 3911 612 3962 quem
632 3895 786 3963 pecudibus
803 3894 905 3948 occieir
923 3896 993 3948 rolie
1008 3895 1081 3948 rodii
1100 3911 1154 3945 uon
1172 3889 1310 3953 dederint,

100 3967 188 4024 lunure
206 3975 300 4032 lumen
320 3978 483 4045 effecerit,“
506 3998 590 4049 quom
611 3998 669 4034 rem
692 3983 727 4035 ob
750 3982 896 4051 Evangelo
912 3982 1052 4034 excitetur
1069 3977 1192 4045 amplior
1214 3991 1310 4041 peree-

103 4056 188 4120 qoitur
201 4061 374 4118 Eurtothiue.

165 4144 260 4211 (iperio
280 4151 410 4204 clausule
431 4151 518 4205 decet.
552 4152 665 4206 Finitor
689 4154 763 4207 enim
785 4154 839 4205 hoo
861 4151 924 4217 ipro
943 4146 1088 4201 Eurtotlrii
1112 4143 1309 4213 dirputotionc.

107 4223 156 4277 Sed
173 4229 195 4281 ri
215 4231 296 4288 totlm
317 4237 411 4305 operio
432 4239 662 4313 compositionem
685 4244 859 4307 spectemur,
887 4232 1000 4286 ctiomei
1021 4236 1174 4298 proeeuoto
1191 4231 1309 4284 Plutone

108 4325 156 4362 oon
172 4314 265 4370 iterum
279 4322 422 4388 loquentes
439 4323 509 4375 iecit
522 4324 637 4377 Decium
654 4330 683 4374 et
698 4320 923 4379 Portomiouun,
941 4321 1034 4368 tomen
1051 4315 1165 4368 dubium
1183 4335 1237 4369 non
1256 4324 1309 4381 eet,

111 4396 189 4461 qun,
206 4407 235 4454 ut
252 4421 346 4474 cupro,
370 4408 450 4461 finito
467 4409 608 4475 colloquio
626 4408 793 4460 diroeeoieee
811 4400 945 4454 convivor
961 4401 1119 4454 norroverit
1137 4403 1309 4456 Macrobioe,

112 4477 193 4534 Multo
212 4485 238 4538 in
256 4489 307 4543 liue
329 4493 507 4546 intercidirre
525 4510 578 4544 oon
598 4488 770 4560 putaverim,
800 4501 862 4538 cum
886 4485 992 4540 nullior
1014 4488 1138 4542 Dirorio·
1150 4488 1310 4558 propositae

115 4569 272 4628 lunertiouer
288 4576 494 4644 deriderentur,
517 4594 614 4631 omnen
633 4579 729 4630 nutem
743 4569 950 4643 disputatione·
964 4592 1036 4646 qooo
1049 4576 1201 4629 secondom
1215 4571 1309 4633 ‹liupo-
