2950 4992
203 141 246 207 tr
636 206 640 212 ,
684 141 894 212 uncturus

203 310 317 399 quihus
335 315 368 376 et
389 310 454 397 ipse
476 310 543 378 sine
562 310 657 376 dubio
679 313 857 397 insignitur,
878 312 1020 379 ostendit.
1063 314 1105 380 Et
1130 313 1190 380 hoc
1215 325 1262 383 est
1287 321 1370 406 quod

203 406 294 484 poeta
317 403 444 461 naturae
470 397 565 482 ipsius
587 397 727 463 conscius
750 397 841 462 dixit:

287 482 348 546 Hic
369 492 471 546 amca
489 483 575 546 nobie
595 504 709 567 seraper
728 483 879 548 misma.-
905 495 937 548 at
957 485 1041 549 illum

127 624 131 628 ,
288 566 350 632 saa
367 566 496 651 pedibus
515 567 594 653 Styx
617 579 686 630 atra
706 569 786 632 uidet
810 568 970 656 Manesque
988 569 1148 655 profundi.

173 651 264 716 dSed
291 671 361 714 euru
386 649 465 714 hanc
491 651 711 717 diversitatem·
726 652 907 718 caelestibus
952 655 1068 718 artibus
1096 654 1143 718 vel
1168 675 1291 742 semper
1319 659 1366 724 vel

151 749 372 820 [erJnumquam
393 735 560 820 apparendi
579 743 680 800 terrm
700 737 865 820 globositas
891 675 1099 804 hahitantihus
1123 737 1226 816 iaciat,
1267 742 1305 806 ab
1329 745 1367 809 eo

201 821 254 907 qui
276 821 308 884 in
331 820 416 884 caelo
436 827 484 884 est
504 841 596 885 omno
617 821 683 885 sine
703 822 798 886 dubio
815 823 932 888 caelum
952 824 1074 889 videtur
1092 845 1153 888 non
1178 823 1366 910 impediente

200 907 304 992 aliqua
324 912 410 1003 parte
428 912 536 982 terrae,
556 927 635 991 quae
652 913 717 970 tota
740 907 845 992 puncti
867 907 967 974 locum
1006 929 1042 973 ro
1059 909 1134 972 caeli
1153 911 1364 994 magnitudine

171 992 251 1062 iris
273 997 401 1075 optinet
444 988 502 1055 Cui
523 1011 596 1075 ergo
618 991 759 1056 australis
781 992 903 1058 verticis
925 931 1028 1058 stellhs
1051 1014 1124 1060 num
1147 1014 1219 1058 uam
1243 995 1280 1060 de
1301 1005 1364 1061 ter·
1445 1069 1449 1076 .

200 1077 243 1141 ris
266 1075 369 1140 videre
392 1076 569 1160 contigerat,
589 1076 642 1141 ubi
664 1076 888 1162 circumspectu
910 1079 1006 1144 libero
1025 1079 1091 1142 sine
1112 1100 1130 1143 ο
1155 1100 1228 1144 ensa
1249 1083 1364 1146 temeni

200 1161 296 1226 obicis
318 1160 400 1225 visae
422 1169 508 1236 sunt,
538 1161 605 1226 iure
631 1162 717 1246 quasi
744 1182 841 1228 norae
862 1164 1106 1230 ammirationem
1131 1164 1294 1230 dederunt:
1332 1174 1365 1232 et

188 1246 272 1330 'quia
294 1243 446 1309 intellexit
466 1265 589 1310 causam
612 1255 850 1332 propterquam
872 1269 924 1314 eas
945 1269 1114 1334 numquam
1138 1255 1210 1314 ante
1230 1251 1363 1330 vidisset,

155 1328 189 1414 s
199 1331 257 1395 ait:
297 1340 383 1395 cram
402 1342 501 1396 autem
518 1332 575 1395 bae
594 1332 692 1396 stellae
715 1354 789 1418 quas
809 1355 972 1419 numquam
997 1358 1036 1399 en
1056 1335 1111 1399 boc
1134 1335 1197 1399 loco
1224 1338 1363 1415 oc‘dicnm,

198 1415 281 1480 hunc
305 1416 406 1480 locum
428 1414 666 1481 demonstrative
693 1423 806 1481 terram
834 1416 937 1483 dicens
961 1419 993 1483 in
1024 1440 1084 1504 qua
1113 1428 1179 1484 erat
1207 1420 1281 1488 dum
1304 1422 1363 1488 ista

158 1503 344 1571 ·8narraret.
398 1499 545 1587 Sequitur
565 1501 617 1566 illa
637 1501 800 1579 discussio,
834 1503 907 1588 quid
928 1504 968 1568 sit
994 1504 1077 1589 quod
1098 1504 1222 1570 adiecit:
1262 1519 1289 1572 et
1306 1509 1363 1572 tae

195 1588 415 1673 magnitudines
442 1588 575 1652 omnium
601 1609 675 1674 qaas
701 1610 761 1652 esse
788 1609 832 1652 nu
880 1611 951 1654 uam
973 1591 1120 1676 suspicati
1142 1613 1252 1656 sumus.
1296 1591 1360 1656 Cur

195 1681 298 1737 autem
322 1672 547 1758 magnitudines
568 1692 645 1758 quas
665 1672 742 1739 vidit
768 1673 800 1737 in
824 1681 869 1738 ste
883 1675 919 1739 lis
941 1696 1109 1760 numquam
1130 1674 1272 1740 homines
1293 1697 1358 1741 sus·

194 1757 287 1843 picati
313 1758 390 1834 sint,
425 1759 490 1844 ipse
514 1757 656 1842 patefecit
680 1756 837 1824 addendo:
876 1761 1027 1827 stedarum
1048 1771 1146 1828 autem
1162 1762 1245 1846 plebi
1263 1773 1359 1828 terrae

165 1845 427 1928 limaqnitndcnem
448 1843 537 1928 facile
562 1843 724 1908 vincebant.
775 1844 855 1910 Nam
885 1848 1008 1943 quando
1035 1845 1144 1923 homo,
1179 1846 1237 1911 nisi
1265 1867 1357 1943 quqm

193 1927 332 1994 doctrina
351 1927 562 2014 philosophiae
584 1949 676 2015 supra
699 1927 868 2004 bominem,
888 1952 984 1996 immo
1006 1951 1078 1996 vero
1100 1931 1358 2010 nominantem,

194 2015 341 2098 suspicari
369 2020 470 2098 potest
497 2012 616 2077 stellam
640 2035 736 2078 unam
768 2014 853 2078 omni
879 2022 962 2079 terra
990 2036 1056 2079 esse
1086 2015 1247 2091 maiorem,
1286 2037 1358 2082 cum

194 2099 285 2184 vulgo
304 2099 440 2183 singulae
462 2098 512 2162 vix
532 2097 606 2163 iacis
624 2098 718 2163 unius
738 2097 890 2162 flammam
912 2120 1043 2185 aequare
1065 2120 1154 2183 posse
1173 2099 1357 2167 videantur‘.l

192 2183 276 2270 Ergo
297 2193 372 2250 tunc
393 2205 498 2248 earum
525 2203 596 2248 vere
619 2182 797 2268 magnitudo
825 2183 945 2247 adserta
972 2183 1128 2259 credetur,
1170 2185 1195 2248 si
1223 2184 1356 2252 maiores

192 2268 328 2355 singulas
354 2291 445 2356 quam
470 2275 518 2333 est
543 2269 643 2333 omnis
662 2277 743 2334 terra
764 2289 830 2332 esse
850 2269 1029 2333 constiterit.
1073 2267 1165 2346 Quod
1186 2268 1244 2333 hoc
1260 2271 1353 2334 modo

143 2353 264 2422 ldlioet
287 2375 496 2442 recognoscas.
555 2356 709 2420 Punctum
738 2353 883 2419 dixerunt
905 2375 970 2418 esse
999 2359 1174 2439 geometrae
1200 2353 1284 2441 quod
1310 2354 1353 2420 ob

256 2512 326 2564 Μιο.
349 2507 613 2570 casamarium]

187 2597 245 2662 ipse
265 2597 333 2664 (om.
350 2598 388 2663 et)
410 2597 480 2647 Bas.
499 2624 534 2632 —
551 2594 636 2660 ipsias
652 2599 766 2672 staturae
784 2593 835 2644 Rl.
850 2622 879 2676 '.
906 2591 967 2660 Hic]
985 2594 1004 2644 l.
1022 2609 1061 2675 οἱ,
1077 2595 1136 2644 242.
1155 2623 1184 2648 -,-
1211 2599 1263 2646 ael
1276 2592 1354 2646 illam

187 2665 240 2716 Rs.
392 2668 417 2714 6.
452 2663 578 2716 caelestis
594 2668 689 2728 partes
710 2659 785 2712 CRl.
805 2690 839 2698 -
856 2679 912 2713 sane
928 2663 1006 2713 dabra
1025 2662 1128 2712 ardetur
1146 2661 1217 2728 (del.
1237 2661 1353 2726 caelum)

188 2731 243 2782 ΗΞ.
393 2735 418 2781 7.
453 2746 597 2797 numquam
622 2727 690 2792 (orn.
712 2729 787 2793 aare)
812 2729 906 2780 PBss.
933 2759 968 2766 —
993 2746 1048 2780 eae
1069 2729 1163 2781 stellae
1184 2729 1219 2780 G·
1260 2731 1353 2780 stellae

104 2808 106 2813 '
189 2797 340 2864 (amicae)
362 2797 414 2847 Ru.
454 2797 515 2848 Vid.
535 2797 548 2862 ᾗ
569 2799 644 2848 1.-
666 2796 767 2848 cnloco
784 2797 991 2864 hocnunquam
1009 2795 1039 2847 C.
1058 2799 1136 2848 -in
1153 2797 1284 2862 quadum
1301 2797 1353 2848 ista
1412 2855 1417 2866 .

187 2873 311 2916 narraret
333 2872 390 2916 erat
410 2863 462 2913 Rl.
613 2867 639 2913 8.
674 2871 703 2915 et
720 2864 862 2918 illelius.
884 2894 919 2901 -
942 2865 1011 2930 qaod
1034 2866 1132 2916 adiecit
1149 2865 1213 2931 quid
1238 2865 1273 2916 sit
1296 2864 1351 2916 vie.

188 2933 253 3002 qaid
269 2933 304 2984 eit
321 2932 418 2982 adiecit
435 2937 503 2991 (om.
521 2931 603 2997 quod)
623 2930 656 2981 G.
671 2959 706 2968 -
723 2947 779 2982 eae
794 2931 993 3000 magnitudines
1013 2931 1038 2982 G
1056 2932 1114 2996 (Ru
1127 2949 1187 2998 sup.
1199 2930 1240 2995 lc).
1274 2931 1353 2982 bene

186 3018 279 3071 maga.
290 3000 340 3051 lli.
369 2998 429 3049 Vid.
444 2999 457 3064 5
470 3002 536 3049 1.-
552 2999 655 3050 uideat
670 2999 739 3062 (del.
753 2999 785 3064 a)
801 2997 830 3050 C.
849 3028 883 3036 —
898 2999 1013 3050 homines
1030 3016 1173 3066 numquam
1190 2999 1240 3048 Rl.
1255 3026 1290 3036 -
1305 3015 1352 3049 en-

186 3065 1350 3201 equipplacra-„qtreqlsop113qupprqpn·qqzenuqa-'30s3533rppmqqi

186 3153 294 3255 dihdndi.
311 3230 346 3240 -
357 3169 451 3270 ‘polest
469 3151 597 3268 senionis
615 3152 714 3250 Rall-
736 3203 807 3252 omni
823 3210 895 3252 terra
912 3169 1013 3252 stellam
1028 3205 1111 3250 unam
1129 3199 1179 3248 1³2.
1215 3197 1283 3248 stell.
1302 3216 1349 3249 an.

186 3271 257 3325 amni
270 3279 363 3325 terrae
381 3271 431 3319 Rl.
447 3298 482 3306 -·
492 3271 629 3334 flammae
643 3269 695 3319 Rl.
712 3297 748 3308 -
766 3270 903 3321 uidentur
919 3268 947 3319 C.
962 3297 996 3304 —
1012 3283 1101 3318 earnm
1120 3282 1173 3317 orn.
1191 3264 1220 3315 G.
1238 3292 1273 3301 —-
1290 3281 1349 3316 ore-

186 3342 269 3393 ditur
289 3339 320 3389 F.
347 3366 382 3376 -
405 3343 518 3405 quaest
539 3336 573 3387 G.
608 3337 680 3402 quia
697 3344 736 3387 eet
757 3335 786 3386 S.
807 3365 842 3375 -·
865 3335 1006 3388 constiterit
1030 3332 1349 3394 (om.esse)PR12.-

184 3410 245 3460 licet
262 3406 284 3456 G
301 3405 338 3468 (F
357 3423 373 3458 a
392 3423 448 3457 see.
467 3409 517 3465 m.)
536 3403 912 3470 serenans-aguratum
931 3403 1038 3466 ‚‚ll1ss.“
1057 3403 1142 3452 Gron.
1180 3401 1238 3450 licet
1255 3401 1349 3480 ⁰¹¹l·¹²

184 3475 223 3537 (F
242 3491 259 3528 u
276 3493 302 3540 p.
322 3480 381 3535 m.).
417 3471 489 3533 „Ed
509 3478 563 3522 vet.
582 3471 688 3522 omittit
704 3471 776 3521 illud
796 3472 895 3533 licebit,
924 3471 995 3537 quod
1019 3487 1072 3521 non
1092 3485 1161 3536 opus
1185 3483 1247 3518 esse
1269 3467 1348 3518 vide·

184 3546 259 3593 tur.“
281 3542 366 3592 Zenn.
419 3540 504 3591 licebi
510 3548 521 3592 t
537 3539 622 3601 s·bP;
654 3543 705 3603 „ut
721 3538 780 3590 Set.
798 3539 825 3604 1,
842 3539 872 3600 7,
890 3543 929 3589 lb.
949 3539 1035 3590 licebit
1054 3555 1153 3588 mecum
1169 3543 1348 3603 recognoscat.

184 3609 280 3727 guare
297 3619 348 3658 neo
364 3607 497 3658 audiendi
515 3607 592 3724 Mqu„
609 3607 636 3658 in
652 3606 754 3672 quibus
770 3608 840 3671 ticet,
858 3611 889 3658 ut
905 3611 968 3658 anto
981 3605 1155 3672 Stephanum
1170 3603 1349 3671 legebatur.“

213 3691 270 3726 ron.
287 3702 320 3713 -
337 3682 519 3742 recognoscat
582 3708 589 3724 .

183 3816 213 3864 et
230 3809 346 3862 verbum
362 3807 427 3859 scire
449 3806 536 3857 simili
561 3807 641 3859 modo
659 3824 741 3858 usur·
788 3808 867 3876 paris
881 3807 1034 3874 scriptores
1047 3805 1161 3872 saepius
1177 3802 1216 3857 ita
1233 3805 1348 3857 coniun-

182 3885 267 3947 pntur
284 3878 312 3941 l,
329 3879 358 3938 2,
376 3879 420 3925 20.
442 3875 516 3925 Adeo
534 3890 633 3940 semper
650 3875 691 3926 ita
707 3891 741 3927 se
790 3876 894 3928 ctivssm
913 3893 975 3926 eum
995 3875 1214 3940 particularium
1232 3874 1348 3924 coniun-

183 3940 311 4001 ct⁸eciri
329 3951 354 3995 et
371 3942 422 3994 eali
438 3941 548 3992 numina
563 3942 721 3993 maluerunt
790 3945 865 3994 xisse
883 3943 979 3995 docuit
990 3943 1082 3994 llend.
1097 3940 1222 3992 Turseli.
1240 3941 1296 3992 vol.
1308 3939 1347 4004 ll,

107 4049 110 4055 ‚
217 4020 241 4066 6.
277 4008 620 4080 quaetotaptmotiloeum
637 4010 739 4060 ...nis
789 4029 815 4078 p.
835 4015 884 4062 311
904 4028 963 4077 sqq.
1327 4064 1330 4069 ¹

182 4083 292 4150 optinet]
312 4077 354 4130 Cf.
373 4079 447 4143 5‘10.
466 4080 494 4127 et
513 4075 550 4140 ll,
567 4080 593 4138 9,
611 4079 636 4126 9.
822 4082 848 4128 9.
885 4095 967 4144 supra
1001 4077 1144 4140 bominem,
1178 4074 1257 4125 immo
1286 4090 1347 4126 nere

217 4155 243 4201 7.
278 4149 334 4199 sine
350 4147 450 4212 offensa
464 4145 561 4195 terreni
576 4142 664 4209 obicis]
683 4141 737 4194 i.e.
788 4145 916 4199 hominem
945 4144 1024 4210 feeit]
1059 4142 1185 4194 Observa
1217 4157 1345 4208 zeugma.

184 4224 215 4268 ut
233 4233 295 4266 eum
314 4226 367 4264 non
385 4212 541 4265 offenderet
559 4218 634 4262 terra
653 4213 740 4262 inter·
789 4214 943 4279 Exspeotes
969 4227 1050 4278 supra
1068 4211 1196 4262 bominem
1215 4209 1347 4272 extudit,

183 4285 257 4334 iectu
285 4281 363 4347 quasi
391 4283 462 4332 obex
487 4279 532 4330 vel
561 4295 652 4346 agger
677 4279 740 4345 qui·
790 4281 1030 4344 saliniensem,
1056 4286 1086 4329 ut
1103 4279 1159 4328 eius
1178 4277 1282 4326 animas
1299 4293 1346 4327 su-

184 4351 263 4407 dum,
299 4363 381 4411 quum
402 4348 459 4398 vim
476 4346 562 4397 habet
583 4349 646 4398 aber
665 4346 738 4412 apud
788 4363 839 4412 pra
864 4347 992 4397 bominem
1011 4346 1150 4412 pertundus
1171 4343 1218 4404 sit,
1253 4347 1285 4394 ut
1305 4344 1348 4394 uit

183 4413 346 4477 Virgilium,
364 4415 467 4476 Georg.
479 4413 517 4474 11,
533 4415 600 4477 4803
616 4414 661 4472 lv,
674 4416 740 4475 4223
790 4413 848 4463 Cio.
867 4414 902 4464 de
919 4420 976 4464 nat.
994 4414 1068 4464 deor.
1087 4412 1128 4472 ll,
1147 4413 1194 4472 13,
1209 4413 1252 4460 34.
1275 4413 1348 4464 ratio

184 4478 252 4527 Aen.
268 4478 373 4536 x,arr.
408 4478 537 4529 Ceterum
555 4481 590 4529 et.
612 4483 651 4540 15,
669 4480 682 4543 Β
700 4484 738 4529 19.
790 4488 876 4546 recca,
892 4497 960 4548 quae
977 4495 1060 4547 supra
1078 4479 1207 4532 bominem
1221 4479 1347 4546 putanda

220 4541 282 4594 aaa
300 4543 352 4594 ista
369 4545 503 4612 conaret]
528 4544 651 4601 serioris
670 4550 738 4599 tem·
792 4552 839 4597 ast.
