2950 4992
254 173 722 249 conmmeatum.
764 178 885 243 HM
928 177 1018 247 GAP.
1040 181 1077 247 V.
1100 182 1152 249 vt
1244 182 1286 251 at

117 352 182 413 tate
204 349 362 435 procedat,
390 354 423 413 et
445 346 595 413 resolutio
616 346 788 431 aequaliter
807 347 913 413 redeat
933 368 1033 435 usque
1055 347 1092 416 ad
1114 352 1286 433 monadem,

116 448 198 518 quae
220 433 399 500 divisionem
418 433 612 497 arithmetica
632 432 751 497 ratione
778 452 842 497 non
863 432 987 517 recipit,
1025 436 1136 503 merito
1157 448 1336 524 propterlaa]

114 518 274 604 aequalem
302 518 485 584 divisionem
506 517 646 583 Iustitiae
665 536 780 581 nomen
806 516 939 601 aceepit:
975 524 1007 581 et
1029 520 1101 603 quia
1126 543 1165 586 er
1191 524 1284 609 'supra

113 601 204 693 dietis
220 604 365 669 omnibus
383 610 519 687 apparet,
539 608 655 686 manta
674 609 707 666 et
722 600 857 686 partium
876 621 1001 667 suarum
1019 610 1051 666 et
1068 624 1213 677 seorsum
1227 628 1283 675 sua

112 686 304 771 plenitudiue
327 688 460 763 nitatur,
481 686 548 751 iure
569 685 680 770 plenus
699 694 836 752 vocatur.

198 774 252 839 Vl.
294 772 457 857 Superest,
493 777 531 835 ut
562 770 770 856 septenarium
802 790 927 869 quoque
958 790 1124 837 numerum
1156 774 1309 859 plenuml

112 855 180 921 iura
200 857 397 923 voeitandum
425 854 505 920 ratio
530 854 562 919 iu
588 854 690 921 medio
716 864 884 922 constituta
908 856 1102 941 persuadeat.
1149 861 1196 922 Ae
1243 859 1283 923 ri·

41 964 45 971 ’
112 962 199 1007 mum
223 942 283 1007 hoe
307 939 439 1006 transire
467 940 534 1005 aine
556 940 770 1007 ammiratione
795 962 858 1007 non
886 961 1066 1026 possumus,
1107 942 1192 1027 quod
1219 879 1282 1008 duo

111 1026 251 1103 numeri,
291 1025 400 1110 quiin
419 1046 452 1089 se
473 1025 665 1110 multiplicati
685 1026 779 1090 vitale
800 1048 815 1090 s
836 1026 932 1090 atium
954 1026 1012 1092 viri
1033 1025 1121 1091 sortis
1145 1027 1282 1093 include·

111 1118 198 1187 rent,
233 1130 276 1173 ex
294 1110 361 1195 pari
381 1115 414 1175 et
439 1109 540 1194 inpari
558 1109 771 1175 oerutiterunt
849 1129 886 1173 oe
907 1110 990 1173 euim
1012 1131 1084 1175 vere
1111 1112 1281 1197 perlectum

109 1204 173 1273 est,
196 1194 281 1278 quod
301 1216 340 1259 ex
360 1195 472 1261 horum
494 1202 694 1260 numerorum
712 1193 918 1279 permixtione
938 1203 1114 1277 generatur:
1142 1218 1213 1262 nam
1233 1198 1280 1265 iu-

110 1300 168 1365 par
189 1295 338 1346 uumerus
358 1300 424 1345 mas
446 1287 478 1345 et
499 1300 554 1365 par
575 1278 689 1344 lemiua
712 1286 854 1357 vocatur,
889 1278 963 1343 item
989 1278 1173 1344 arithmetici
1195 1282 1280 1366 iupa·

110 1385 178 1429 rem
198 1365 293 1450 patris
312 1373 344 1431 et
363 1372 469 1451 parem
490 1364 597 1429 matris
619 1364 825 1450 appellatione
842 1370 1038 1428 venerantur.
1080 1363 1160 1427 Hine
1179 1372 1211 1429 et
1229 1364 1309 1430 tta

109 1471 219 1515 maeus
238 1450 375 1515 Platonis
398 1450 612 1515 fabricatorem
637 1449 810 1515 mundanae
831 1448 951 1513 animae
971 1447 1064 1513 deum
1090 1455 1193 1532 partes
1214 1450 1280 1515 eius

109 1556 149 1600 ex
169 1534 237 1619 pari
255 1542 287 1599 et
308 1536 423 1634 inpari,
444 1536 476 1600 id
497 1543 545 1601 est
566 1534 687 1632 duplari
707 1541 740 1598 et
758 1532 893 1618 triplari,
913 1553 1043 1599 numero
1063 1531 1280 1599 intertexuiss‘e

107 1620 305 1698 memorarit,
339 1628 383 1685 sta
404 1627 442 1685 nt
460 1641 479 1685 a
500 1621 543 1685 du
565 1618 621 1683 lara
642 1618 803 1703 usquead
824 1624 910 1695 oete,
945 1638 963 1681 a
983 1617 1102 1702 triplari
1121 1638 1222 1703 usque
1242 1618 1280 1683 ad

107 1705 218 1790 viginti
239 1713 373 1789 septem,
411 1712 507 1770 staret
527 1641 690 1770 alternatio
711 1702 883 1768 mutuandi.
930 1702 971 1767 Hi
991 1702 1073 1767 enim
1095 1702 1187 1787 primi
1209 1698 1308 1769 cubili

107 1790 268 1874 utrimque
286 1796 465 1866 naseuntur,
485 1787 636 1873 siquidem
653 1808 671 1853 a
688 1787 813 1872 paribus
832 1786 880 1851 bis
898 1784 978 1863 bina,
999 1807 1078 1872 quaa
1098 1794 1172 1853 suut
1192 1795 1279 1873 quat·

108 1882 192 1949 tuor,
211 1872 405 1957 superficiem
424 1872 549 1949 iaciunt,
567 1872 614 1938 bis
632 1872 704 1937 bina
723 1872 781 1949 bis,
803 1892 881 1957 quoe
901 1879 974 1936 suut
994 1879 1074 1950 octo,
1095 1892 1207 1957 eorpus
1229 1893 1277 1937 so·

108 1957 207 2022 lidum
227 1956 362 2042 linguat:
383 1978 402 2021 a
422 1957 534 2043 dispari
556 1977 630 2022 vero
649 1965 699 2022 ter
715 1966 814 2034 terna
837 1976 915 2041 quae
936 1964 1010 2021 sunt
1030 1977 1150 2035 novem,
1170 1978 1276 2041 super-

104 2041 225 2120 ficiem,
246 2050 279 2106 et
297 2049 347 2107 ter
367 2050 456 2109 terna
473 2050 535 2121 ter,
557 2041 588 2107 id
610 2049 658 2107 eat
677 2050 727 2108 ter
747 2062 881 2119 novena,
906 2060 985 2125 quae
1008 2048 1081 2107 sunt
1101 2042 1130 2107 vi
1154 2041 1209 2106 'nti
1230 2063 1276 2107 se·

106 2135 208 2213 ptem,
268 2126 379 2193 dmum
401 2148 500 2213 aeque
517 2128 631 2195 ouburu
653 2126 781 2193 alterius
803 2126 897 2211 partis
918 2124 1064 2192 efficiunt.
1142 2126 1201 2190 ude
1230 2125 1275 2191 iu-

106 2211 210 2311 tellegi
238 2148 328 2280 datur
347 2211 404 2277 hos
431 2212 509 2278 duos
537 2233 698 2289 numeros,
736 2217 808 2277 ooto
832 2209 901 2275 dieo
928 2217 960 2274 et
975 2208 1118 2294 septem,
1154 2210 1208 2294 qui
1236 2210 1326 2285 adluat

106 2296 392 2383 multiplicationem
410 2318 561 2364 annorum
582 2296 709 2384 perlecti
731 2296 764 2361 in
784 2315 819 2361 re
837 2293 960 2381 publiea
979 2294 1037 2361 viri
1054 2301 1274 2373 convenerunt,

900 2446 986 2509 [lldd.
1003 2441 1209 2510 viealrgspdab.

105 2534 151 2599 ω,
167 2538 231 2603 16],
249 2540 278 2588 et
294 2535 421 2587 basiant.
437 2533 471 2597 t,
486 2535 529 2585 14.
548 2533 715 2601 Aequitatena
732 2531 799 2594 dieo,
814 2546 868 2581 non
878 2529 973 2594 'atique
989 2527 1052 2578 bene
1066 2526 1214 2591 indicandi,
1231 2529 1277 2581 sed

104 2618 135 2654 ee
151 2615 209 2655 ausa
227 2605 338 2655 anetem
354 2601 528 2669 coaequandi,
547 2616 627 2666 quant
648 2600 738 2651 Gieere
753 2596 968 2663 aequabilitatem
984 2600 1070 2646 uocat.
1086 2620 1121 2655 .···
1140 2597 1276 2662 aequabi-

105 2670 168 2721 liter
190 2670 299 2732 „libri“
320 2668 407 2721 Gran.
446 2668 672 2734 aequabilitate
697 2664 770 2716 Bra.
798 2690 833 2702 -·
852 2654 1029 2730 aequabilem
1054 2660 1085 2712 F.
1105 2686 1140 2699 -
1166 2678 1276 2715 suarum

105 2744 232 2803 quanta
249 2738 301 2787 lta.
322 2761 349 2772 —
374 2736 504 2786 deorsum
522 2734 555 2783 B.
721 2791 724 2796 Ι

174 2802 221 2852 Vl.
264 2804 352 2869 Caput
375 2802 420 2853 Vl.
458 2801 561 2853 Malles
580 2815 636 2851 esse
657 2813 765 2863 cassae,
793 2812 841 2849 aar
860 2795 1025 2865 septenariae
1045 2795 1139 2863 plenas
1161 2800 1275 2849 ooeetar.

106 2868 188 2920 ola-b.
341 2871 366 2919 1.
400 2868 458 2919 aine
478 2868 657 2920 admiratione
677 2867 793 2919 banaiae
812 2863 845 2913 F.
868 2889 903 2903 -
922 2865 975 2916 diso
993 2864 1027 2915 lsi
1043 2862 1146 2914 numeri
1167 2862 1218 2915 tta.
1240 2890 1274 2903 -

85 2936 253 2989 ¹indurent
270 2934 348 3000 (sup.
367 2936 543 3001 includerent)
560 2934 611 2985 Rl.
630 2960 664 2974 -
680 2935 823 2986 constitere
838 2931 868 2985 S.
884 2957 916 2971 -
932 2947 1030 2983 earum
1048 2932 1081 2983 G.
1098 2956 1134 2969 -
1151 2937 1199 2983 eat
1216 2946 1275 2982 ntae

105 3003 138 3055 F.
156 3030 192 3043 -
216 3004 387 3055 aritlsraetiea
409 3002 442 3056 B.
463 3030 492 3042 ·-
516 3019 534 3054 a
571 3002 729 3060 allationem
751 3000 785 3051 B.
936 3002 962 3051 2.
998 2998 1050 3050 Hie
1070 2996 1141 3049 Bra.
1163 3024 1197 3037 -
1226 3000 1273 3050 11-
1332 3044 1334 3049 ,

103 3088 197 3124 naeus
215 3071 346 3137 Platonis]
364 3088 391 3138 p.
405 3074 447 3121 ³⁶.
465 3069 534 3135 Step
558 3104 565 3118 .
601 3068 644 3120 Cf.
661 3068 703 3134 11,
719 3072 751 3131 ²,
773 3070 805 3119 14
821 3083 881 3133 sqq.
899 3092 934 3106 -·
951 3082 1059 3118 numero
1074 3070 1189 3133 parles
1203 3066 1274 3116 eius

102 3140 286 3193 intertesaieee
298 3139 349 3189 82
363 3165 395 3175 -
408 3139 554 3192 altereatio
565 3136 640 3187 rar.
650 3160 684 3175 ι·
694 3136 829 3189 natandi
844 3151 871 3202 g.
906 3134 949 3201 bg
960 3133 989 3185 in
1002 3148 1059 3201 mg.
1076 3130 1133 3195 „ab
1145 3133 1275 3185 numeri.“

206 3208 232 3257 8.
266 3207 334 3273 epbi
352 3206 429 3258 Bw.
447 3232 482 3245 ·-
502 3213 655 3272 aaronque
679 3204 730 3255 aa·
754 3231 786 3241 -
810 3218 829 3253 a
846 3202 915 3270 pari
937 3201 972 3253 G.
996 3228 1024 3240 -
1050 3201 1090 3252 bis
1112 3199 1184 3263 bina,
1207 3214 1276 3265 qnae

103 3272 218 3396 ppripp‘i¹
225 3289 247 3355 e⁸
259 3274 437 3393 οοῖῇοςιοῃί
445 3279 476 3403 qt
488 3276 676 3400 coepepeffiat
688 3270 833 3390 lpaeqpnpn
850 3268 1048 3387 sqq'uppqtibubq.⁸
1063 3266 1198 3399 bbip‘pibp’q‘ii
1207 3282 1276 3384 qpqe

129 3358 175 3395 aa.
219 3357 257 3392 vr.
307 3359 351 3393 sne
467 3355 522 3391 om.
553 3356 577 3391 se
653 3374 660 3389 .
713 3356 738 3391 ee
768 3356 811 3389 sne
830 3354 881 3403 qus
966 3373 972 3386 .
1233 3361 1245 3371 ·
1269 3367 1276 3383 .

102 3412 138 3449 ἑ-
155 3411 195 3461 bis
211 3409 285 3460 binis
301 3410 341 3459 bie
357 3358 461 3474 ffel.
496 3408 536 3458 bie
551 3408 611 3458 bini
632 3406 671 3457 bis
687 3406 743 3473 qai
767 3420 827 3473 ug.
849 3429 882 3442 -··
903 3410 944 3455 ter
958 3409 1036 3454 uma
1056 3401 1089 3451 id
1112 3407 1159 3451 est
1182 3415 1275 3449 nonem

103 3476 176 3529 Brea.
217 3493 286 3543 quae
308 3482 369 3527 suat
391 3473 642 3528 tertema‘idest
664 3474 752 3525 Vllll
772 3472 856 3522 1.-
881 3469 1043 3537 superneiem
1072 3464 1148 3531 (sine
1171 3466 1274 3529 verbo)

104 3545 150 3597 BS
169 3544 225 3609 (121
244 3560 262 3595 a
279 3560 307 3607 p.
327 3544 381 3605 ru.)
404 3542 474 3594 1le
497 3539 586 3606 „libri
610 3539 739 3604 antiqui“
764 3536 853 3591 bladii
874 3535 907 3589 N.
929 3535 960 3587 la.
983 3552 1009 3601 p.
1029 3537 1072 3583 ³0.
1111 3534 1274 3600 superficias

103 3614 252 3666 reddant
266 3609 457 3661 lanarum.
474 3636 510 3675 ·.··
531 3609 693 3676 effleiantur
709 3606 756 3679 Β.1
769 3634 795 3645 -
819 3613 859 3658 ter
875 3619 971 3655 novem
990 3602 1040 3653 Rl.
1056 3628 1091 3642 -—
1112 3602 1213 3667 cybum
1232 3600 1274 3651 112

104 3682 139 3733 G.
160 3706 195 3718 -
216 3680 298 3733 datus
314 3678 437 3747 intellegi
457 3676 486 3729 S.
508 3703 543 3715 -
566 3677 748 3740 eonamerint
765 3672 809 3741 (ia
826 3688 883 3740 mg.
903 3668 1104 3737 convenerunt)
1123 3668 1175 3719 Rl.
1210 3686 1273 3721 eon-

136 3812 189 3879 Vl,
216 3815 241 3865 l.
275 3810 463 3881 septenariam]
496 3810 557 3875 „Ad
590 3809 666 3861 hane
714 3809 778 3863 eolis
789 3813 935 3875 amfractus
949 3807 1099 3875 reditusque
1110 3802 1275 3857 converterit.

102 3879 243 3933 Macrobii
270 3879 489 3947 disputationem
520 3879 554 3931 da
579 3877 609 3930 vi
636 3882 667 3929 at
749 3879 965 3945 inpnrnnmeras
981 3892 1039 3927 maa
1055 3867 1273 3943 etparsernina]

101 3948 279 4015 praestantia
295 3947 405 3999 numeri
425 3944 579 4013 septenarii
600 3962 666 3997 eon*
716 3945 803 3997 Gran.
822 3945 901 3997 eoni.'
913 3943 952 4005 ll,
968 3946 995 4005 ἱ,
1012 3946 1053 3994 lt.

101 4016 244 4081 ferantur,
266 4032 339 4081 quae
358 4012 470 4066 Gellius
487 4014 544 4078 111,
567 4018 609 4065 10.
631 4029 666 4065 ex
749 4016 777 4065 a.
812 4011 985 4081 superficiem]
1003 4010 1060 4060 ie.
1076 4001 1275 4073 quadrantile-

102 4084 235 4139 llarronis
261 4082 494 4136 Hebdomadibus
519 4082 565 4133 vel
591 4082 667 4133 lmu—
715 4079 813 4132 matini
832 4082 928 4132 dieunt
946 4076 1017 4144 qnod
1038 4081 1145 4137 ratam,
1167 4078 1199 4123 ut
1216 4085 1275 4121 eor-

123 4152 218 4205 inibua
231 4150 355 4203 disserit.
380 4150 470 4215 Atque
481 4148 667 4215 praeterGel·
714 4165 767 4217 pus
783 4149 900 4199 solidans
913 4150 957 4197 set
975 4144 1071 4194 eribus.
1252 4202 1258 4217 ι

101 4170 136 4272 ilai
147 4220 317 4286 interpretes
331 4216 387 4279 adi,
400 4213 424 4270 si
439 4218 525 4281 lubet,
537 4216 597 4267 Pet.
609 4216 665 4267 Pe·
749 4216 871 4282 intellegi
888 4210 978 4274 datar]
1003 4208 1045 4259 Gi.
1064 4206 1105 4267 11,
1123 4209 1154 4285 b,
1174 4207 1213 4285 12.
1230 4220 1273 4283 os:

103 4288 149 4339 titi
162 4288 286 4339 bliseell.
299 4286 418 4338 observ.
432 4285 484 4349 111,
497 4288 522 4347 3,
540 4285 573 4336 it.
587 4283 664 4336 Cael.
713 4283 782 4335 talea
814 4295 896 4332 aaran
928 4284 1028 4328 natura
1059 4274 1150 4325 dedet
1182 4270 1275 4322 insoles

103 4354 262 4424 Rhodigini
284 4353 410 4406 heetion.
432 4358 490 4406 aut.
512 4352 605 4417 xxll,
630 4355 663 4402 ll
714 4364 859 4414 sarpere.
895 4344 954 4396 Sat.
972 4341 1021 4402 lv,
1043 4342 1072 4403 4,
1095 4342 1138 4390 2³.
1160 4338 1274 4419 nandi·-

104 4424 202 4487 aeqq.“
221 4422 308 4473 zena.
715 4416 803 4469 lueida
821 4413 930 4476 dieitur,
952 4408 999 4461 sed
1017 4408 1097 4461 datar
1114 4407 1274 4473 intellege.

140 4490 193 4543 dua
208 4488 393 4555 sanctiate]
411 4486 454 4538 ct.
473 4484 665 4550 Somn.li,2
750 4488 808 4535 aeto
828 4481 889 4533 dieo
976 4474 1160 4541 conuenerant]
1195 4474 1276 4525 llaee

103 4571 166 4609 eant
193 4564 269 4613 amas
296 4564 345 4612 taa
376 4562 530 4623 septenos
558 4553 666 4607 oetier
715 4550 812 4615 rerba,
829 4549 899 4603 lieet
914 4546 943 4601 ia
959 4544 1089 4601 omuibus
1105 4542 1188 4599 libris
1207 4542 1275 4595 blas.
1382 4570 1393 4585 ·
