2950 4992
180 115 244 185 tas
655 114 865 185 uscuoun

131 291 213 359 ltise
232 292 335 373 potest
353 284 632 355 umbramcreare.
673 285 716 351 lit
741 285 800 352 hoc
828 294 875 353 est
901 285 985 373 quod
1005 288 1149 364 Lucanus
1178 288 1280 357 dicere
1299 312 1361 359 ro·
1469 352 1470 379 ,

181 374 254 452 luit,
273 393 330 437 nec
348 378 452 436 minen
473 371 581 452 plene,
599 379 635 435 ut
656 369 803 450 habetur,
825 371 965 437 absolvit.
1007 374 1147 441 Dicendo
1168 377 1267 443 enim:
1469 384 1470 391 ’

129 477 203 544 [ιω]
268 467 417 555 -ιιιιᾳιιι
437 457 557 554 umores
578 477 743 543 nunquam
758 458 886 555 [lectum
903 457 1010 545 Syene,
1114 544 1120 557 .

131 541 635 712 relliriut‘llmuli'iiitpil,
651 544 1360 713 ‘mitridatisinstillat

177 712 282 779 relatis
309 719 430 778 constat
455 711 551 777 solem
578 733 747 798 numquam
775 713 879 798 egredi
912 712 989 779 fines
1018 723 1174 800 perustae,
1211 715 1284 801 quia
1313 717 1359 781 de

179 797 300 883 tropico
323 798 355 863 in
375 798 528 883 tropicum
548 797 690 863 zodiacus
709 798 886 883 obliquatus
909 806 966 863 cst.
1008 800 1171 865 Manifesta
1190 809 1236 865 est
1255 802 1364 885 igitur*

178 904 286 959 causa,
307 904 363 948 cur
385 882 461 947 lraec
481 904 557 948 zoaa
577 882 708 947 flammis
730 884 771 949 sit
790 904 914 970 semper
933 884 1083 949 obnoxia:
1122 886 1235 971 quippe
1255 907 1355 971 quarn

180 968 242 1046 sol,
263 968 359 1033 totius
381 968 536 1033 aetheriae
557 967 698 1033 flammae
723 977 755 1033 et
776 969 844 1033 fons
865 977 898 1035 et
915 969 1159 1049 administrator,
1181 992 1358 1056 numquam

131 1052 343 1137 18relinquat.
396 1054 481 1137 Ergo
503 1052 611 1118 ambae
632 1061 733 1138 partes
755 1054 897 1132 ultimae,
927 1053 1027 1120 idest
1050 1056 1298 1142 septentrionalis
1321 1065 1360 1121 et

180 1138 336 1216 australis,
373 1137 410 1202 ad
430 1158 508 1224 quas
531 1160 701 1224 numquam
721 1139 805 1205 calor
823 1140 896 1204 solis
918 1140 1048 1217 accedit,
1085 1142 1257 1207 necessario
1283 1163 1357 1225 per·

181 1232 274 1308 petua
295 1231 480 1321 premuntur
501 1224 624 1309 pruina:
664 1224 741 1289 duas
762 1245 850 1303 vero,
879 1231 915 1289 ut
936 1225 1085 1303 diximus,
1106 1234 1258 1311 temperat
1280 1226 1358 1292 hinc

133 1308 274 1395 lllatque
297 1307 381 1373 illine
401 1307 511 1374 vicinia
532 1308 642 1374 caloris
664 1317 697 1374 et
716 1308 848 1394 frigoris.
889 1310 1033 1396 Denique
1057 1311 1088 1375 in
1110 1310 1167 1375 hac
1187 1312 1253 1397 ipss
1274 1332 1358 1377 zona

181 1415 276 1481 quam
298 1393 476 1472 incutimus,
498 1414 578 1479 quae
597 1400 663 1459 tota
682 1394 795 1460 dicitur
815 1402 999 1480 temperata,
1022 1404 1124 1481 partes
1145 1404 1250 1462 tamen
1293 1418 1359 1462 uae

181 1487 308 1565 perusto
329 1478 451 1564 cingulo
468 1478 586 1545 vicinae
604 1487 678 1545 sunt
695 1479 805 1545 ceteris
826 1480 985 1546 calidiores
1006 1489 1088 1558 sunt,
1105 1488 1142 1546 ut
1161 1489 1207 1547 est
1225 1481 1285 1547 Aet
1309 1482 1357 1547 io-

181 1565 233 1650 pia
259 1564 374 1630 Arabia
401 1570 560 1651 Aegyptus
590 1573 622 1630 et
647 1564 758 1651 Libya,
796 1565 967 1655 inquibus
995 1566 1079 1631 calor
1106 1566 1148 1633 ita
1176 1567 1357 1633 circumfusi

181 1651 261 1719 aeris
282 1671 393 1736 carpus
413 1657 574 1731 extenuat,
601 1657 637 1719 ut
655 1660 710 1718 aut
730 1671 902 1738 numquam
922 1658 977 1719 aut
1000 1672 1071 1718 raro
1094 1660 1219 1739 cogetur
1242 1653 1275 1719 in
1296 1674 1357 1720 nu-

250 1820 318 1874 Mss.
335 1822 560 1886 BCFSPRHGJ

181 1920 253 1955 mon
272 1904 303 1955 G.
323 1933 359 1947 -
379 1914 441 1960 tunc
458 1909 522 1961 add.
540 1925 602 1973 sup.
619 1907 671 1960 nr.
693 1935 729 1945 —
748 1908 867 1961 umbram
885 1907 1008 1961 iactare
1026 1906 1078 1959 Rs.
1231 1911 1272 1961 16.
1306 1926 1358 1961 ao·

182 1972 233 2023 tuit
252 1973 410 2025 dicere'Rl.
431 1974 474 2014 '-
497 1977 632 2044 pleniter
655 1977 767 2030 absolvit
790 1983 858 2037 (om.
878 1983 909 2028 ut
927 1976 1052 2036 deletur)
1074 1974 1168 2026 FBsu.
1195 2004 1229 2013 -
1257 1974 1356 2045 Atque]

181 2038 283 2091 Plrurs.
299 2040 343 2104 ll,
364 2044 423 2093 581.
445 2070 481 2081 -
501 2060 655 2111 nusquam,
678 2048 711 2095 ut
728 2044 856 2110 plerique
875 2044 944 2095 Mus.
962 2042 1085 2107 Lucani,
1104 2059 1160 2110 ,mg
1179 2042 1229 2104 (cli
1246 2042 1274 2093 in
1295 2062 1357 2113 mg.

181 2113 341 2175 nunquam).
368 2138 400 2147 -
421 2111 567 2175 fleatmtes
589 2111 619 2162 P.
651 2138 686 2149 -
713 2128 858 2181 numquam
882 2112 1009 2178 quidem
1024 2111 1111 2175 flectit
1133 2110 1356 2173 „mcmbrsnae‘⁶

182 2176 269 2228 Grau.
288 2175 365 2237 (Le).
399 2194 533 2244 umquam
543 2179 631 2243 flectit
645 2178 693 2230 l'2.
711 2207 744 2217 —
759 2197 816 2231 cum
832 2180 935 2230 ratione
949 2178 1086 2229 retulimus
1100 2193 1151 2227 sua
1165 2177 1218 2227 ill.

182 2247 225 2294 11.
252 2245 324 2310 fines
339 2253 462 2311 perustae
476 2246 570 2315 egredi
584 2246 636 2296 Re.
658 2274 686 2284 -
709 2247 895 2312 Manifestum
911 2252 948 2297 est
964 2246 1050 2312 igitur
1069 2243 1100 2294 B.
1136 2246 1281 2309 manip'esta
1298 2264 1357 2298 au-

181 2318 243 2364 tem
258 2318 297 2363 est
313 2312 363 2363 R2.
377 2342 412 2353 —
429 2330 498 2365 aona
509 2314 629 2381 flammis
645 2330 746 2383 semper
762 2316 796 2366 sit
811 2313 865 2365 CF.
900 2328 967 2364 sana
981 2312 1014 2363 sit
1025 2311 1143 2377 flammis
1160 2327 1261 2377 semper
1278 2312 1354 2366 sna.

175 2380 296 2444 flammis
316 2397 385 2432 zona
405 2398 506 2450 semper
526 2383 561 2435 sit
583 2382 635 2432 Bl.
662 2411 697 2420 -
722 2383 948 2443 caninorum.
971 2379 1000 2431 in
1023 2379 1116 2439 acaia)
1140 2376 1170 2427 (l.
1199 2404 1227 2415 -
1261 2396 1352 2446 quam

183 2448 312 2513 (supat.
329 2455 402 2511 cum)
425 2450 454 2501 c.
479 2476 514 2487 -
542 2450 686 2502 aethereae
707 2448 827 2501 lili-bP.
866 2455 1003 2500 aetereae
1020 2444 1072 2498 FS.
1110 2454 1250 2499 aeternae
1267 2462 1293 2497 v.
1315 2472 1351 2485 -

180 2516 243 2573 fons
260 2516 461 2573 administrator
482 2523 558 2584 (sup.
574 2519 639 2570 add.
656 2524 695 2577 et)
715 2519 766 2569 Rl.
794 2543 828 2555 -
853 2517 988 2582 relinquit
1005 2514 1053 2566 Pa.
1204 2516 1246 2565 18.
1280 2514 1353 2565 calor

182 2582 246 2634 sotis
267 2584 368 2637 accedit
391 2584 937 2638 normanorum:reaumaunuva.
989 2582 1052 2634 sotis
1071 2580 1142 2631 calor
1163 2581 1264 2633 accedit
1289 2580 1356 2633 SR2

181 2649 389 2704 EddPMfflW.
424 2654 489 2705 sotis
505 2655 602 2705 arder
619 2655 720 2705 accedit
737 2652 876 2716 „membn
892 2651 1002 2702 altera“
1019 2649 1104 2701 Gran.
1121 2646 1197 2709 (112).
1231 2649 1295 2700 solis
1311 2667 1357 2700 ac-

183 2718 253 2769 eedit
269 2718 368 2769 ardor
384 2722 521 2785 „membn
540 2721 667 2787 optima“
686 2721 782 2783 Gran,
801 2720 849 2785 qui
867 2718 975 2770 confert
996 2734 1055 2783 esp.
1074 2721 1100 2779 8,
1116 2716 1129 2781 ᾗ
1147 2720 1172 2766 3.
1189 2724 1297 2784 propter
1312 2718 1357 2769 ni·

182 2784 264 2835 mium
281 2785 345 2837 sotis
358 2788 518 2841 ardorem.
533 2816 568 2827 —
583 2796 712 2857 perpetua
727 2788 875 2841 necessaria
893 2786 944 2838 lte.
959 2815 993 2849 ·.·
1010 2783 1135 2850 dicimus]
1153 2784 1196 2847 ll,
1213 2789 1243 2847 5,
1263 2787 1303 2834 tu.
1321 2812 1356 2823 —-

183 2852 275 2902 aicius
292 2868 321 2921 g.
474 2859 515 2907 19.
550 2874 618 2909 sona
635 2874 696 2924 sup.
715 2856 780 2909 add.
797 2856 849 2907 Rl.
871 2884 905 2893 -
923 2854 1053 2917 circumfu
1071 2858 1147 2918 [sap.
1165 2852 1229 2927 adq
1246 2852 1284 2913 a]
1303 2853 1356 2903 fil.

183 3001 240 3056 atrii
257 3004 286 3055 in
307 3004 393 3058 medie
410 3006 501 3071 fundo
519 3007 566 3060 siti
584 3005 745 3075 proceritate
794 3004 982 3059 meridianum
1017 3002 1099 3055 illius
1133 3002 1245 3070 oppidi,
1283 3005 1355 3071 quod

184 3071 384 3134 discriminant,
418 3075 465 3139 qui
496 3076 574 3127 stilus
605 3092 743 3143 gnomon
795 3075 910 3126 umbras
926 3070 1031 3134 nescit,
1061 3070 1175 3137 'prateae
1192 3071 1294 3123 dixerit
1312 3073 1355 3125 ni-

183 3139 345 3205 appeltatur.
379 3140 458 3192 Adde
478 3141 584 3194 Vitruv.
607 3144 636 3204 l,
661 3148 694 3208 a,
716 3148 743 3195 a.
795 3142 865 3205 mis,
897 3156 962 3193 uum
992 3138 1107 3191 umbras
1138 3138 1216 3190 novit
1244 3156 1355 3206 semper

183 3206 307 3258 Salmas.
325 3207 442 3259 Exercc.
460 3209 550 3262 Plinn.
571 3228 595 3276 p.
614 3214 666 3261 440
683 3228 744 3278 sqq.
795 3215 991 3277 praeterquam
1021 3206 1160 3257 existente
1190 3206 1219 3258 in
1247 3208 1356 3275 tropico

185 3273 227 3325 W.
246 3274 278 3325 A.
297 3274 415 3327 Becker.
433 3277 507 3329 Gall.
527 3278 550 3339 l,
569 3296 596 3344 p.
616 3282 666 3330 186
685 3296 743 3346 seq.
795 3276 952 3329 meridiano
973 3273 1074 3326 Generi
1096 3274 1165 3325 sole.
1200 3272 1231 3325 Si
1252 3275 1356 3327 iccirco

218 3346 260 3395 16.
293 3352 323 3397 ut
348 3344 468 3427 liabetur]
500 3344 616 3413 „Qutat
644 3346 668 3398 si
693 3364 744 3414 pro
795 3343 982 3412 explicueris,
1017 3342 1126 3408 quando
1156 3343 1270 3394 umbras
1301 3361 1356 3396 non

183 3410 294 3463 fatetur
320 3429 481 3478 reposueris
507 3413 633 3467 detetur?
663 3415 692 3465 h.
719 3431 745 3465 c.
795 3412 895 3477 flectit,
915 3408 1154 3473 mathematicum,
1172 3426 1227 3461 non
1243 3418 1355 3477 poetam

184 3495 236 3543 par
253 3485 311 3543 est,
346 3478 390 3531 uti
410 3488 510 3533 ustura
527 3482 569 3534 rel
591 3487 620 3533 et
638 3482 744 3534 veritas
795 3481 952 3547 intelliges.
991 3478 1027 3529 Et
1062 3483 1138 3528 certe
1171 3477 1293 3530 iuvanda
1326 3479 1356 3530 fn

183 3548 322 3611 postulet,
355 3547 397 3599 itu
423 3555 455 3601 ut
478 3564 533 3602 nen
559 3552 676 3603 turbaret
699 3567 745 3601 ce·
789 3548 925 3615 pluribus
941 3546 1034 3615 potius
1052 3550 1146 3597 vatum
1164 3562 1257 3611 seusa,
1273 3562 1356 3613 quam

183 3615 272 3663 rum.“
296 3612 382 3664 Zeus.
402 3642 437 3654 ·-
462 3617 551 3669 immo
576 3616 745 3686 interprete·
796 3614 933 3683 exigenda
962 3612 1055 3664 omnia
1082 3613 1117 3664 ad
1145 3612 1267 3681 rigidam
1292 3631 1356 3666 nor-

185 3679 240 3732 ris:
259 3680 501 3749 attegiturapud
519 3678 592 3736 eum.
796 3684 900 3735 snam.“
929 3680 1018 3734 Pour.
1043 3707 1078 3719 -
1108 3680 1180 3745 „Ed
1207 3688 1260 3733 vet.
1284 3700 1357 3734 nus-

217 3762 361 3816 numquam
372 3750 505 3818 flectente]
522 3750 667 3819 „sugillat
683 3751 746 3802 lifu-
832 3768 885 3817 am,
905 3752 1036 3817 quaeest
1054 3762 1123 3799 vera
1139 3747 1225 3801 lectio
1242 3748 1357 3801 Lucani.

185 3816 312 3868 arabiam
330 3815 486 3881 Brodeeus,
501 3820 573 3884 quod
590 3835 673 3869 versu
690 3818 747 3869 hoc
796 3768 853 3871 gild
871 3825 979 3881 noster,
995 3820 1127 3882 qnantum
1146 3832 1180 3867 ex
1198 3816 1271 3868 serie
1294 3834 1356 3871 ora-

183 3883 292 3938 Lucani
333 3886 494 3951 perversius
529 3882 650 3953 legerit
668 3904 747 3938 aum·
797 3887 884 3940 tionis
908 3888 1034 3948 canstat,
1066 3883 1142 3948 haud
1172 3884 1257 3936 dubio
1280 3902 1356 3937 aum·

184 3969 272 4021 quam.
306 3952 372 4018 lpse
397 3970 539 4021 nusquam.
576 3953 610 4004 nt
641 3958 670 4005 tu
701 3961 747 4005 ut·
798 3971 877 4023 quam
900 3950 1044 4020 scripsit.“
1070 3950 1156 4001 Zsurr.
1177 3978 1211 3991 -
1236 3954 1359 4020 Apparet

184 4020 747 4158 tttttltt‘ite*titilius
798 4018 1358 4155 :trit„22¹¹.ttt⁸⁰..tttttlt..t

469 4128 488 4142 ¹⁴
900 4126 906 4140 ·
1349 4126 1357 4153 s

185 4161 262 4208 totus
282 4158 349 4209 talis
368 4152 424 4209 eit:
798 4157 845 4210 sed
863 4175 916 4209 uno
932 4164 1057 4223 tempore,
1074 4169 1145 4219 quac
1164 4161 1257 4208 tamen
1273 4174 1358 4209 sensu

165 4289 167 4294 Ι
237 4252 270 4262 -
286 4252 321 4263 -
341 4226 438 4279 Calida
454 4226 557 4278 medius
573 4226 639 4278 milri
654 4226 749 4295 cogni-
799 4229 909 4288 carent,
947 4222 1086 4275 Macrobii
1109 4220 1217 4290 ipsius,
1251 4224 1358 4290 opinor,

493 4302 536 4345 tus
553 4296 613 4345 aria
798 4291 878 4343 vitio.
914 4288 1041 4356 Namque
1060 4295 1090 4341 ut
1108 4290 1178 4341 haec
1201 4308 1263 4343 carn
1281 4298 1359 4345 ente-

188 4356 312 4424 Aegppto
326 4365 406 4426 atque
422 4362 528 4412 umbras
542 4376 672 4428 nusquam
682 4362 749 4427 flec-
799 4356 963 4410 cedentibus
982 4363 1185 4424 congruerent,
1212 4360 1359 4417 dicendam

207 4474 218 4495 ,
458 4468 468 4491 ,
493 4435 563 4479 teate
582 4430 675 4494 Syene.
800 4430 862 4477 eret
888 4430 950 4476 autc
985 4440 1038 4475 non
1062 4424 1132 4475 enirn
1153 4442 1276 4495 semper
1297 4446 1359 4481 non

187 4480 220 4532 St
237 4482 406 4542 cuimdicat
425 4493 569 4559 cognitum
588 4494 748 4547 sibialiam
798 4492 892 4559 flectit,
916 4490 963 4545 red
981 4506 1035 4543 uno
1053 4498 1183 4561 tempere,
1218 4500 1280 4549 uat:
1305 4514 1358 4551 non
