2950 4992
216 180 281 251 284
703 171 913 247 Mutuom!

217 353 335 429 tiones,
373 348 487 436 quibua
509 347 725 415 dimotionem
748 348 822 415 lauit
842 344 977 417 monada
991 367 1150 435 perrone,
1190 343 1263 433 quia
1290 350 1397 435 prima

218 435 394 521 coniugatio
421 434 515 500 hehet
543 434 576 500 iu
599 434 687 498 ΕΙΣ
710 434 937 533 diphthongum
961 435 1168 511 desinentem,
1204 444 1241 499 ut
1265 438 1396 512 λαλεῐςι

218 522 352 589 seeunda
374 520 405 584 in
428 523 527 600 ΑΙΣ,
563 520 612 585 oui
640 521 804 586 asenbrtur
828 520 954 605 quidem
977 524 1011 601 Ι,
1044 521 1098 585 sed
1120 519 1197 585 nihil
1219 542 1297 585 sono
1317 543 1395 586 oon-

187 609 291 686 Ἡρη,
313 615 350 672 ut
369 607 480 693 nappin:
506 606 595 672 tertie
617 606 650 671 in
674 608 760 670 ΟΙΣ
777 606 1021 691 diphthongum,
1042 613 1080 671 ut
1099 612 1283 690 στεφανοῖς.
1327 608 1394 671 Eo-

217 716 287 761 rum
311 712 384 759 vero
405 692 570 758 verhonrm
597 690 629 756 in
655 712 789 778 quorum
811 693 909 778 prima
938 692 1091 779 positione
1118 692 1217 776 gravis
1243 700 1395 757 aooentus

217 778 419 868 penultimam
441 776 586 863 syllabam
609 777 710 862 signat
731 798 784 843 rex
809 785 883 843 suot
906 776 1156 863 coniugationes:
1197 777 1252 843 oed
1280 778 1312 841 in
1340 777 1394 843 his

217 888 280 931 uon
301 862 434 931 secunda
456 882 587 947 persona
608 861 824 930 discretionem
846 861 933 942 laoit,
960 864 1076 951 quippe
1096 884 1166 928 oum
1189 860 1221 927 in
1243 863 1394 929 omnihus

218 951 351 1017 secunda
372 968 502 1036 persona
524 948 556 1011 in
578 950 666 1012 ΕΙΣ
684 948 910 1037 diphthongum
933 950 1075 1027 finiatur,
1106 949 1161 1014 sed
1183 948 1292 1013 harum
1315 970 1394 1013 oon·

188 1036 406 1123 3iugationem
425 1034 456 1098 in
479 1033 578 1121 prime
596 1056 729 1121 ‘persone
748 1035 940 1101 differentiae
959 1033 1241 1122 deprehenduntur.
1284 1034 1394 1113 Quae·

218 1124 297 1188 ritur
318 1119 401 1185 enirn
424 1118 575 1207 inprime
597 1121 749 1206 positione
768 1120 854 1187 uerbi
877 1122 1041 1206 cuiusque,
1069 1141 1149 1205 quae
1171 1119 1278 1184 literae
1300 1142 1391 1205 prae-

218 1206 329 1273 oedent
351 1204 528 1270 uenalem
552 1205 671 1271 literam
692 1206 795 1273 verbi:
822 1215 854 1271 et
875 1208 901 1272 oi
923 1206 1078 1271 inveneris
1098 1213 1171 1270 ante
1194 1207 1229 1267 Ω
1256 1208 1285 1268 Β
1304 1208 1338 1268 Φ
1355 1210 1396 1269 Π

219 1295 301 1371 ΠΤ,
326 1291 424 1373 tellite
445 1287 565 1376 γράφω
584 1288 691 1375 ripum
712 1289 837 1371 adanu,
866 1292 984 1379 primae
1004 1290 1228 1376 coniugationis
1250 1311 1391 1376 pronun-

218 1378 323 1445 tiabis:
365 1377 390 1441 si
412 1386 515 1443 autem
538 1379 710 1465 reppereris
732 1382 765 1443 Γ
780 1380 814 1443 Κ
834 1381 878 1457 Χ,
906 1374 990 1460 λέγω
1007 1374 1115 1441 πλέκω
1133 1372 1251 1461 τρέχω,
1278 1397 1390 1441 mmin-

218 1464 288 1530 dam
309 1462 445 1530 vocabis:
483 1462 614 1549 quodsi
638 1466 671 1527 Δ
694 1466 723 1528 Θ
750 1467 792 1542 Τ,
814 1459 885 1551 ᾅδω
906 1460 1024 1547 uiritim
1049 1458 1174 1540 ἀαύτω,
1197 1462 1321 1548 tertiam
1341 1463 1389 1527 di·

217 1568 282 1617 ues:
322 1556 431 1635 quarta
453 1548 526 1624 erit,
560 1549 586 1613 si
607 1549 751 1615 habuerit
771 1553 799 1613 Z
821 1557 875 1614 aut
894 1549 958 1615 duo
979 1552 1060 1629 ΣΣ,
1089 1544 1218 1633 φράζω,
1240 1544 1390 1631 &pridem

167 1636 355 1721 [assisinato
376 1633 491 1699 luerint
510 1633 643 1719 liquidae
663 1638 695 1699 A
714 1637 760 1698 Μ
775 1636 815 1699 Ν
829 1638 869 1714 Ρ,
888 1630 1002 1698 nuilla
1020 1632 1109 1718 νέμω
1129 1634 1234 1717 κρίνω
1254 1634 1389 1717 σπείρω,

219 1722 359 1807 quintam
387 1718 554 1786 notabunt:
593 1730 678 1787 sexta
705 1718 862 1806 profertur
884 1716 941 1784 ere
966 1721 1119 1805 καθαροῦ
1145 1721 1205 1783 ταῦ
1237 1722 1287 1799 Ω,
1322 1718 1389 1803 pior

218 1801 399 1891 θεραπεύω.
442 1805 592 1873 Nonnulli
614 1814 646 1873 et
669 1806 832 1895 septimam
856 1826 925 1871 eoae
946 1806 1112 1873 voluerunt
1132 1806 1391 1893 praecedentibus

284 1958 338 2011 Ma.
355 1958 386 2011 Ρ.
420 1958 490 2012 Edd.
508 1960 606 2029 phele]

284 2041 343 2107 ΙΙΙ,
369 2045 393 2094 l.
426 2045 532 2109 τιμαῖς
553 2043 625 2095 Edd.
788 2048 814 2099 8.
851 2044 1062 2098 zifeorum
1091 2043 1150 2096 ΣΣ
1175 2044 1208 2097 Ρ.
1231 2072 1267 2127 3-
1291 2040 1389 2097 πάλλω

215 2108 317 2176 arripui
339 2110 475 2162 euadente
499 2110 654 2193 Opeopoeo.
670 2172 676 2193 Ι
693 2110 904 2193 Hileia-(nup.
927 2114 989 2165 edd.
1011 2112 1109 2174 vendo)
1133 2112 1165 2165 Ρ.
1198 2113 1295 2180 rtatim
1316 2115 1389 2167 Edd.

215 2208 249 2219 -
270 2178 474 2232 HOYnPEte
494 2178 525 2231 P.
563 2197 579 2232 τ
606 2196 628 2231 ω
646 2174 698 2247 (leon
722 2180 750 2233 d.
784 2197 892 2251 τωνω,
910 2176 963 2250 (lior
985 2181 1029 2233 ah.
1335 2236 1339 2243 ,

285 2284 338 2336 Mo.
356 2283 402 2347 v.]

216 2370 312 2422 tionem
321 2370 395 2434 jacit
412 2368 527 2422 racundo
543 2364 670 2437 persona,
687 2388 781 2441 ,quam
797 2372 885 2440 prima
902 2370 1057 2441 coniugatio
1074 2370 1152 2423 hahet
1170 2370 1198 2423 in
1216 2369 1289 2420 ΕΙΣ
1304 2370 1390 2437 diph-

215 2438 345 2507 tlrongnne
363 2442 391 2499 ι)
410 2438 568 2491 desinentem
588 2442 632 2501 ⁴),
663 2447 692 2493 ut
709 2439 799 2499 λαλεῖς
818 2444 846 2500 ⁵]
867 2447 898 2492 et
915 2442 1056 2508 reliqua.
1094 2440 1192 2490 Eorum
1213 2450 1271 2488 uero
1290 2441 1390 2489 ombo-

215 2522 289 2568 rum,
312 2507 340 2556 in
358 2508 570 2575 puerum'prirna
587 2508 717 2575 positione
733 2509 829 2576 grauia
844 2516 966 2559 nocentur
979 2507 1152 2575 penultimam
1168 2506 1273 2574 signat,
1291 2523 1336 2557 soe
1357 2512 1389 2568 θ)

216 2580 278 2627 ornet
293 2574 494 2643 coniugationer
513 2583 544 2629 et
561 2576 590 2627 in
605 2577 693 2643 prima
708 2593 822 2644 perrona
838 2576 1005 2643 differentiae
1022 2579 1051 2633 ⁷)
1068 2576 1101 2626 in
1117 2575 1168 2626 hir
1186 2576 1388 2641 deprehendun·

216 2645 268 2695 tur.
307 2642 450 2705 Quaeritur
467 2642 535 2693 enirn
553 2645 582 2694 in
601 2645 689 2711 primu
708 2646 840 2713 positione
854 2646 1059 2710 cuiuscunque
1078 2643 1162 2703 oerhi,
1196 2658 1264 2708 quae
1280 2644 1388 2695 litterae

214 2710 376 2775 praecedant
387 2711 509 2775 finalem.
540 2716 610 2777 eip.
633 2714 702 2771 194).
737 2711 774 2772 (V
794 2712 819 2776 ¹)
842 2712 902 2771 til,-
923 2715 953 2773 ²)
970 2712 999 2762 iu
1016 2728 1088 2772 οπως
1112 2714 1141 2771 ⁸)
1162 2710 1339 2779 diptongon5
1356 2715 1386 2771 ⁴)

216 2776 366 2836 detineam
383 2780 411 2836 θ)
433 2777 598 2839 ΤΑΤΗΙΣ,
617 2782 649 2838 ὃ)·
665 2780 704 2829 Vl
709 2797 719 2841 ,-
737 2780 766 2839 7)
784 2780 977 2843 deserentiue).
996 2806 1030 2817 -
1045 2778 1183 2844 Excerptn
1201 2785 1296 2829 antem
1314 2796 1386 2845 quae

216 2858 302 2910 aupra
321 2844 489 2909 protulimus
511 2847 709 2898 oontinuentur
726 2848 762 2907 (V
781 2847 829 2898 lol.
848 2851 907 2897 157.
927 2864 949 2898 r.
973 2862 985 2899 e
1001 2863 1027 2912 p.
1049 2850 1124 2905 189.)
1143 2846 1190 2897 hio
1206 2847 1316 2897 rethia:

287 2910 327 2962 De
364 2911 595 2979 coniugationibur
627 2915 762 2981 inoipit.
812 2918 835 2965 l.
871 2919 915 2975 (ὃ)
947 2915 1026 2982 Apud
1061 2914 1175 2966 Graecae
1207 2931 1296 2965 eorum
1324 2932 1386 2966 oer-

139 2974 145 2987 '
217 2978 305 3031 borram
329 2980 358 3031 in
382 2995 491 3046 quorum
510 2982 599 3047 prima
618 2983 748 3049 positione
769 2984 949 3049 circumflexus
970 2990 1092 3034 areentur
1114 2983 1236 3033 ultimam
1256 2984 1386 3049 syllohom

215 3054 286 3100 tenet
315 3046 362 3099 ΙΙΙ
385 3054 446 3098 eunt
471 3049 684 3116 coniugationee,
715 3051 808 3116 quidue
832 3052 1012 3102 discretionem
1035 3051 1107 3114 fucit
1132 3051 1248 3101 secunda
1270 3067 1386 3117 perrona
1409 3089 1413 3095 Δ

109 3130 112 3137 ·
217 3120 344 3181 quaint)
361 3114 448 3180 primu
466 3117 621 3179 coniugatio
638 3116 715 3169 hahet
736 3118 765 3167 in
785 3116 861 3169 ΕΙΣ
876 3119 1068 3187 diphthongum
1087 3119 1261 3182 desinentem,
1292 3127 1385 3170 utnu-

215 3182 283 3242 ieig‚
306 3183 422 3233 oeeunde
438 3182 467 3233 in
483 3183 554 3233 ΑΙΣ
572 3187 614 3245 ¹),
637 3186 680 3235 eui
699 3185 858 3237 edeeriditur
876 3188 981 3253 quidem
1001 3188 1029 3251 Ι,
1047 3186 1094 3235 red
1109 3186 1178 3236 nihil
1194 3204 1257 3238 reno
1275 3190 1386 3251 confert,

216 3258 247 3303 ut
267 3248 348 3320 τιμᾷς
366 3253 410 3313 2),
439 3251 518 3303 tertie
540 3252 568 3302 in
592 3251 666 3303 ΟΙΣ
685 3253 878 3321 diphthongum
899 3258 942 3315 ὃ),
968 3261 997 3305 ut
1018 3255 1173 3319 στεφανοῖς.
1223 3257 1248 3303 2
1286 3255 1386 3305 Eorum

215 3334 277 3369 uero
299 3318 434 3369 vatorum
459 3320 488 3369 in
512 3336 620 3385 quorum
639 3320 727 3387 prima
744 3322 874 3388 positione
889 3322 985 3390 gravio
1001 3328 1123 3371 necentur
1139 3322 1313 3387 penultimum
1329 3325 1385 3389 eyl-

216 3386 305 3438 laton
322 3386 413 3455 signet
435 3387 459 3437 V
460 3388 474 3437 Ι
489 3395 550 3440 aunt
568 3390 779 3457 coniugatione,
794 3389 839 3439 red
855 3388 885 3439 in
901 3390 942 3441 hio
957 3406 1009 3440 non
1026 3390 1142 3439 seeundo
1158 3406 1270 3454 perrona
1285 3390 1386 3441 diecre-

183 3476 186 3483 ·
216 3456 311 3507 tionem
329 3457 358 3515 ⁴)
374 3456 454 3521 facit,
475 3458 570 3525 qnippe
587 3472 644 3510 eunt
662 3458 688 3510 in
707 3458 827 3509 omnidue
844 3458 959 3508 secunda
975 3474 1089 3523 perrona
1105 3458 1133 3507 in
1152 3456 1227 3507 ΕΙΣ
1241 3457 1385 3524 diphthon-

216 3538 280 3590 gum
294 3524 425 3587 finiatur,
462 3525 507 3574 red
528 3524 622 3575 lterum
644 3526 859 3595 coniugationum
882 3526 910 3577 in
931 3526 1019 3592 prima
1041 3540 1155 3591 perrona
1173 3526 1340 3591 differentiae
1357 3530 1385 3587 ὖ)

217 3590 469 3654 deprehendentur.
518 3594 543 3641 3,
583 3592 726 3657 Quaeritur
747 3592 816 3644 enirn
841 3593 869 3643 in
890 3594 977 3661 prima
1002 3593 1131 3659 positione
1155 3593 1227 3642 uerti
1249 3594 1385 3660 ouiurque,

217 3672 286 3720 quae
308 3656 413 3707 litterae
434 3661 594 3723 praecedunt
614 3659 642 3709 ll
651 3662 765 3724 finalem
787 3662 902 3713 litteram
923 3658 1015 3711 uerhi?
1057 3660 1094 3711 Si
1115 3661 1247 3711 inuenerit
1270 3670 1334 3713 ante
1359 3662 1386 3712 dl

218 3725 251 3787 Β,
271 3722 304 3789 Φ,
326 3722 362 3789 Π,
382 3724 441 3775 ΠΤ
459 3728 496 3789 ο),
514 3724 602 3794 tellina,
618 3721 726 3795 proripui,
744 3722 844 3796 τέραα,
859 3723 961 3795 κόπτω,
982 3729 1086 3794 primae
1108 3728 1306 3795 coniugationie
1320 3746 1384 3796 pro-

215 3792 360 3846 nuntiabis.
398 3792 430 3843 Si
446 3800 534 3845 autern
550 3798 676 3860 repereris
692 3799 720 3853 7)
741 3797 775 3862 Γ,
794 3798 834 3861 Χ,
854 3798 893 3860 Χ,
909 3790 992 3861 λέγω,
1007 3789 1109 3862 πλέκω,
1125 3790 1226 3862 τρέχω,
1243 3798 1384 3849 semron

216 3861 330 3913 ooeahie.
368 3858 486 3923 Quodsi
510 3861 551 3927 Δ,
579 3859 619 3923 Θ,
646 3864 683 3924 Τ,
708 3856 783 3933 ᾅδω,
805 3858 906 3930 πλήθω
924 3867 968 3929 ⁸),
989 3854 1082 3921 airino
1102 3867 1146 3930 9),
1180 3864 1288 3916 tertiora
1305 3866 1383 3917 dieue.

219 3928 322 3993 Quarta
340 3927 399 3990 erit,
417 3928 441 3977 ei
455 3928 575 3982 hahuerit
595 3920 647 3994 Ζῆ
664 3924 725 3981 doio
742 3930 802 3982 ΣΣ
815 3934 869 3995 ¹⁰),
887 3927 991 3997 φράζω,
1007 3922 1022 3980 ὀ
1041 3923 1123 3981 ineu.
1159 3931 1192 3983 Si
1208 3948 1270 3983 uero
1280 3934 1386 3996 sumini

218 3996 338 4063 liquidae
354 3996 388 4062 Λ,
407 3996 449 4063 Μ,
468 3994 506 4059 Ν,
531 3996 562 4061 Ρ,
580 3990 772 4063 multimodum
792 4002 847 4061 ¹¹),
864 3998 957 4066 κρίνω,
977 3948 1087 4065 artelea,
1110 3999 1231 4065 quintam
1248 4001 1386 4052 notabunt.

219 4064 302 4117 Serta
317 4066 452 4131 profertur
473 4057 519 4115 deit
538 4065 668 4141 καθαροῦ
686 4066 737 4117 aori
756 4066 798 4135 Ω,
827 4062 897 4139 dieo,
916 4060 1074 4131 θεραπεύω.
1111 4067 1241 4118 Nonnulli
1259 4074 1284 4119 et
1302 4070 1386 4135 repti-

250 4202 274 4250 1.
308 4198 505 4281 puppim-Quod
530 4199 558 4251 in
579 4200 645 4251 edd.
668 4201 776 4269 legitur
825 4200 963 4253 nehuioe
981 4200 1094 4266 quidem
1111 4217 1232 4266 uuquam
1251 4200 1387 4255 montine-

214 4268 318 4331 τιμαῖς,
354 4270 381 4317 rd
417 4276 513 4319 netum
547 4273 591 4320 eet
625 4286 647 4319 e.
668 4269 775 4321 oudini·
825 4270 872 4322 rit.
906 4273 941 4321 At
960 4268 1200 4334 uhi'udaeeiptum
1218 4269 1285 4336 luit,
1315 4270 1385 4323 liele·

214 4333 356 4396 scriptura
376 4335 524 4387 ΤΙΜΑΙΕ,
559 4338 600 4387 De
621 4335 690 4387 tera
708 4339 775 4388 roh·
824 4338 891 4389 liter
927 4336 1153 4403 expreaairuue“‚
1188 4354 1258 4403 quae
1292 4338 1387 4391 minua

216 4398 323 4461 scripto
346 4399 489 4466 ln'primn
516 4418 566 4453 rua
594 4403 774 4455 adnotatione
824 4410 983 4471 congruunt
1012 4420 1074 4454 cum
1106 4404 1161 4455 hon
1189 4412 1285 4457 neutro
1314 4407 1387 4460 loeo.

215 4461 381 4525 Opaopoeua
408 4467 533 4530 prodidit
561 4470 645 4519 haece
679 4464 775 4533 ‚fluiter
823 4472 895 4535 Ego,
911 4472 960 4520 uui
977 4472 1169 4523 maerentium
1188 4490 1251 4524 eoae
1270 4473 1388 4526 ridebu-

215 4526 393 4601 qudnulpo
409 4534 727 4599 auheorlptumuotont,
745 4538 774 4587 ἰι
823 4543 884 4598 tur,
917 4538 1025 4589 monito
1054 4539 1163 4593 lectore
1185 4540 1283 4593 ademi
1313 4542 1387 4597 illud

217 4588 358 4651 plerosque
376 4596 567 4663 παριαύων,
585 4601 775 4665 panduntur
823 4601 902 4655 reue
937 4605 997 4658 via
1012 4611 1073 4659 uat-
1089 4608 1170 4672 eds
1189 4612 1233 4675 tr,
1250 4610 1308 4677 §a
