2950 4992
189 136 256 205 aad
575 126 579 131 ⁵
672 130 881 201 MAGROBII

193 304 286 374 tionis
311 304 367 380 sit,
403 301 528 369 adhibet
554 300 608 367 lini
635 320 692 368 suo
713 304 811 367 MAI
827 302 973 390 syllabam
1001 308 1033 368 et
1058 300 1132 367 laoit
1150 302 1190 368 de
1211 323 1245 368 se
1267 303 1372 389 passi-

192 413 282 470 vum,
301 390 369 473 βοῶ
390 388 534 473 βοῶμαι,
554 386 637 471 τιμῶ
656 388 817 472 τιμῶμαιε
835 389 861 454 si
880 409 954 455 aero
975 387 1016 453 sit
1038 386 1154 473 primae
1174 388 1224 454 rel
1244 393 1372 467 tertiae,

196 480 231 542 Ω
253 476 286 541 in
312 476 374 539 Ol‘
387 479 505 539 mutato
527 478 559 537 et
580 480 703 558 accepta
727 472 869 539 similiter
890 473 989 537 MAI
1003 473 1157 558 passivum
1181 480 1280 551 creat,
1311 498 1372 559 φι-

163 563 239 631 Ωλῶ
268 560 442 645 φιλοῦμαι,
476 559 586 643 χρυσῶ
614 559 807 642 χρυσοῦμαι.
849 558 1114 624 Permutationem
1145 566 1249 623 autem
1273 560 1310 621 Ω
1334 559 1372 625 in

124 682 129 691 ·
199 650 262 711 ΟῬ
278 646 316 710 de
338 643 534 710 eircumllexo
557 650 685 709 accentu
710 644 793 708 nasei
822 643 968 709 indicium
999 651 1047 707 est
1076 642 1212 709 futurum
1241 643 1373 729 linguae

194 731 335 807 Doricae,
351 730 434 817 quod
455 728 534 794 hano
551 728 820 815 permutationem,
837 750 906 794 cum
926 730 957 793 in
977 728 1108 793 alterum
1129 748 1226 814 genus
1245 730 1371 806 transit,

166 815 254 887 {laihi
278 815 426 894 vindieat,
453 809 579 897 ποιήσω
600 814 814 897 ποιησοῦμαι,
845 812 928 892 λέξοι
952 813 1116 897 λεξούμαι.
1160 818 1202 879 nt
1223 812 1254 878 in
1277 814 1373 900 hary-

195 900 278 967 tonis
298 899 443 967 omnibus
465 900 500 962 Ω
522 898 555 964 in
580 899 609 963 0
631 907 750 964 mutato
772 906 807 964 et
825 898 943 965 adiecta
964 900 1063 963 MAI
1078 898 1232 985 passivum
1254 898 1372 985 ligura-

167 990 258 1065 4tur,
284 982 367 1068 λέγω
387 980 531 1067 λέγομαι,
555 978 664 1047 τύπτω
686 980 858 1067 τύπτομαι,
877 978 1035 1069 ἦνιοχεύω
1056 978 1275 1067 ἦνιοχεύομαι.
1318 985 1371 1049 Ita

197 1090 271 1154 ergo
299 1069 434 1135 hreriter
460 1067 652 1155 diffiniteque
674 1069 838 1135 dicendum
860 1078 924 1135 est:
966 1068 1069 1135 Omne
1099 1089 1243 1155 praesens
1272 1070 1373 1154 passi·

197 1174 271 1225 rum
291 1152 385 1221 hahet
404 1154 436 1219 in
455 1154 643 1241 paenultima
664 1162 718 1219 aut
739 1156 774 1218 Ω
792 1161 847 1219 aut
871 1157 935 1219 Ol’
950 1162 1004 1220 aut
1028 1154 1068 1234 Ο,
1087 1154 1230 1237 τιμῶμαι
1252 1155 1371 1239 φιλοῦ-

198 1261 257 1323 μαι
277 1235 456 1326 γράφομαι.
500 1237 589 1318 Quae
617 1238 706 1304 aliter
734 1238 900 1305 habuerint
927 1260 966 1304 ex
995 1238 1055 1303 illis
1074 1239 1176 1305 rerhis
1198 1248 1271 1304 sunt
1290 1260 1373 1324 quo-

199 1345 267 1390 rum
289 1325 388 1410 prima
409 1323 521 1409 positio
543 1323 576 1389 in
598 1325 663 1387 MI
678 1322 751 1402 erit,
771 1344 851 1410 quae
873 1343 996 1409 semper
1015 1324 1128 1411 passivi
1146 1324 1372 1410 paenultimam

170 1410 324 1477 5hrerem
354 1409 484 1487 laoiunt,
518 1416 554 1473 ut
578 1408 710 1491 τίθεμαι
731 1409 864 1493 ἵσταμαι
884 1409 1026 1493 δίδυμαι.
1068 1411 1148 1475 Item
1175 1428 1213 1473 ex
1235 1409 1373 1475 secunda

200 1496 249 1561 val
268 1494 359 1560 tertia
385 1493 600 1579 coniugatione
622 1494 728 1559 eadam
758 1500 806 1560 est
831 1494 966 1560 secunda
993 1514 1123 1579 persona
1150 1494 1262 1581 passivi
1289 1515 1373 1579 quae

200 1580 290 1647 aotiri
311 1580 418 1656 tertia,
442 1580 520 1667 νικᾷ
540 1576 678 1659 ἐκεῖνος,
698 1580 775 1643 νικῶ
793 1574 850 1644 σύ·
880 1583 1039 1664 στεφανοῖ
1057 1577 1195 1659 ἐκεῖνος,
1213 1584 1377 1662 στεφανοῖ

150 1660 252 1755 [dod.
295 1666 374 1731 ltem
394 1685 539 1752 praesens
560 1665 643 1751 quod
667 1664 698 1729 in
719 1642 817 1728 MAI
831 1664 958 1741 desinit,
980 1684 1035 1730 seu
1056 1666 1293 1751 perisponrenon
1313 1673 1375 1730 seu

200 1751 373 1835 harytonon
395 1758 427 1815 et
451 1750 672 1836 cuiuscumque
698 1750 923 1834 coniugationis
949 1749 989 1815 sit
1014 1758 1135 1835 praeter
1156 1750 1207 1814 illa
1236 1768 1375 1835 quorum

202 1834 301 1920 prima
322 1834 435 1919 positio
455 1834 486 1899 in
508 1836 573 1898 MI
590 1835 663 1913 exit,
685 1834 851 1900 secundam
870 1854 1031 1922 personam
1052 1855 1115 1900 una
1136 1834 1251 1935 spllaha
1272 1834 1375 1899 mino-

202 1937 268 1983 rem
289 1918 421 2005 prolert‚
442 1920 603 2002 λαλοῦμαι
621 1921 717 2005 λαλῇ,
735 1922 877 2003 τιμῶμαι
895 1921 988 2007 τιμᾷ,
1009 1936 1233 2006 στεφανουμαι
1254 1933 1377 2005 στεφα-

202 2005 271 2083 νοῖ,
292 1998 427 2085 λέγομαι
445 1998 540 2087 λέγῃ,
560 2000 787 2089 θεραπεύομαι
805 2001 981 2092 θεραπεύῃ.

375 2086 415 2151 X.
456 2086 505 2152 Do
527 2094 590 2153 tem
613 2108 667 2153 oro
688 2089 790 2155 minus
810 2111 903 2176 quam
922 2089 1057 2176 perfeeto
1078 2089 1207 2175 passivo.

265 2170 395 2263 ‚Minus
418 2192 510 2258 quam
533 2108 702 2258 peridotum
725 2174 880 2260 passivum
904 2175 986 2260 apud
1005 2174 1140 2241 Graecos
1161 2173 1282 2239 duobus
1302 2195 1377 2239 nas-

154 2256 306 2343 [aoapitur
335 2257 443 2323 modis.
486 2261 551 2323 Aut
580 2258 662 2325 enim
691 2281 784 2326 omne
810 2280 956 2348 praesens
977 2268 1100 2344 tempus
1128 2258 1280 2344 passivum
1303 2280 1378 2323 mu-

204 2349 267 2408 tata
299 2343 331 2408 in
360 2341 421 2408 fine
446 2344 503 2407 AI
526 2342 717 2431 diphthongo
750 2345 782 2412 in
810 2346 887 2409 ΗΝ
913 2366 984 2411 eum
1021 2343 1189 2409 adiectione
1221 2344 1378 2427 temporis

205 2428 369 2495 arescentis
397 2428 547 2513 incapite
571 2428 641 2495 laoit
667 2452 705 2495 ex
731 2451 765 2496 se
791 2431 893 2496 minus
914 2450 1006 2516 quarn
1028 2428 1210 2517 perlectum,
1249 2422 1379 2511 ἄγομαι

204 2508 347 2598 p’pdppv,
377 2511 538 2597 τρέψομαι
560 2512 760 2601 ἓνοεφύμηνι
796 2524 850 2581 aut
871 2515 973 2581 minus
992 2536 1086 2601 quam
1101 2513 1276 2663 ¹perlectum
1298 2514 1376 2580 aeti-

206 2619 280 2666 rum
309 2606 380 2664 ante
398 2599 539 2664 ultimam
561 2598 681 2665 literam
704 2621 791 2666 suam
820 2600 928 2665 inserit
951 2602 1034 2663 ΜΗ
1050 2608 1082 2665 et
1112 2599 1172 2664 aoit
1193 2621 1230 2664 er
1252 2620 1286 2663 se
1305 2619 1376 2682 pas-

176 2683 317 2781 2sirum,
344 2680 478 2747 ἐποίουν
501 2681 688 2781 ἐποιούμην,
713 2682 862 2772 ἔγραφον
882 2681 1081 2785 ἐγραφόμην.
1124 2685 1216 2770 Apud
1239 2683 1374 2749 Graecos

207 2788 310 2833 mrnus
330 2767 465 2853 perlecto
484 2788 639 2854 passarum
662 2769 813 2836 minorem
831 2770 945 2857 syllaba
967 2793 999 2835 ιο
1020 2767 1121 2835 verbis
1141 2770 1285 2835 omnihus
1303 2788 1374 2853 pro·

207 2852 268 2917 sart
291 2850 456 2953 secundam
479 2873 641 2938 personam
664 2863 786 2942 praeter
808 2856 859 2920 illa
880 2876 960 2941 quae
982 2856 1016 2920 in
1037 2859 1102 2919 MI
1119 2862 1249 2920 exeunt:
1290 2851 1375 2917 ἐποι·

209 2933 315 3086 φρίριην
337 2934 465 3017 trono,
505 2935 666 3025 ἐτιμῶμην
686 2937 800 3026 ἐτιμῶ,
840 2935 1024 3026 ίδηλούμην
1049 2938 1182 3026 tantm,
1220 2935 1377 3027 ἐλτγύμην

262 3044 333 3106 γον.

277 3123 332 3175 Μι.
349 3120 396 3185 Ρ.]

276 3189 330 3254 Ill,
355 3190 379 3241 3.
415 3190 525 3243 Antias
542 3188 574 3244 Ρ.
726 3196 753 3245 6.
788 3194 895 3246 Aaou
908 3228 933 3246 ..
954 3193 1057 3245 ΤΙΜΑ
1073 3227 1099 3245 ..
1116 3191 1230 3246 ΛΕΓΗ
1243 3190 1275 3245 Ρ.

211 3256 318 3394 maga
325 3257 644 3377 Ι,1ἙῶἰΐιζιίύΦΟΜΗΝ
657 3259 689 3312 Ρ.
841 3265 867 3311 2
902 3262 1010 3329 opilata
1029 3260 1131 3331 scripsi
1149 3277 1165 3313 a
1182 3260 1254 3313 cani.
1268 3260 1379 3315 Zeuail.

208 3408 397 3545 „inditia
417 3408 597 3529 liddam
612 3476 688 3529 amaa
712 3477 810 3530 arana
823 3477 873 3542 m,
902 3478 1009 3529 ιιιιιιι
1021 3477 1077 3543 fias
1093 3494 1142 3529 ιιι
1156 3477 1232 3529 arar
1247 3478 1380 3544 ιμιιιιιι

211 3550 236 3596 et
246 3544 319 3607 sooit
336 3542 369 3595 da
387 3559 414 3595 ae
426 3544 578 3610 passivum,
611 3542 668 3612 βοῶ
689 3492 815 3613 deriput,
848 3545 917 3611 τιμῶ
940 3543 1067 3611 τιμῶμαι.
1104 3546 1136 3596 82·
1152 3562 1213 3597 earo
1228 3546 1262 3597 ait
1275 3546 1380 3613 prinas

210 3610 253 3661 ντί
269 3610 376 3674 tertiae,
396 3609 424 3660 Ω
442 3611 471 3661 in
490 3609 546 3663 ΟΥ
559 3620 661 3663 mutato
678 3620 703 3663 et
720 3622 828 3677 accepto
847 3613 883 3675 (V
904 3627 922 3663 a
938 3629 963 3678 p.
983 3628 1019 3662 m.
1039 3617 1152 3680 coepto)
1171 3614 1291 3666 similiter
1307 3612 1384 3665 MAI

209 3678 346 3747 paratuum
362 3682 448 3740 maol,
478 3676 547 3743 φιλῶ
571 3676 731 3744 φιλούμαι,,
743 3679 835 3745 χρυσῶ
856 3679 1018 3749 χρνσούμαι.
1053 3680 1276 3733 Permutationem
1291 3688 1380 3733 aarum

213 3745 241 3797 Ω
257 3745 285 3797 ira
306 3742 362 3795 ΟΥ
374 3744 407 3795 ds
424 3744 588 3810 circumflexo
606 3753 713 3797 occentu
731 3748 858 3799 indicium
878 3754 926 3799 est.
960 3747 1096 3813 (Reliqua
1117 3747 1175 3799 vid.
1192 3766 1217 3799 o.
1234 3750 1293 3807 23.)

245 3846 301 3914 IX,
317 3848 343 3897 2.
371 3848 497 3911 saturem
517 3845 629 3915 linguae
649 3847 771 3917 Doricae]
822 3867 847 3901 o.
865 3851 891 3913 4,
911 3849 924 3915 5
941 3854 977 3912 5.,
994 3866 1017 3901 o.
1038 3852 1080 3911 13,
1098 3850 1128 3917 §p
1145 3854 1163 3903 d
1180 3857 1208 3903 at
1224 3855 1250 3902 8.
1264 3848 1312 3911 αλ,
1330 3847 1379 3900 sed

212 3914 278 3977 „Gt
299 3913 416 3965 varinus
433 3913 609 3967 Phavorinns
633 3916 685 3967 aab
703 3929 772 3967 roeo
821 3916 914 3985 prima
939 3917 1044 3983 positio
1073 3917 1101 3969 id
1129 3926 1172 3971 eat
1201 3919 1275 3969 unde
1302 3916 1381 3969 aliod

213 3977 347 4049 ἕπῶρσε.“
365 3981 451 4034 ernrr.
822 3985 888 4051 quid
907 3984 1064 4049 derivatur,
1104 3988 1165 4039 siva
1183 3983 1382 4053 persenniae

246 4052 273 4101 4.
306 4049 395 4116 primo
411 4048 519 4117 positio]
543 4048 593 4113 „In
612 4047 773 4101 nomiman·
822 4060 934 4118 tempu·
954 4052 1014 4105 aire
1038 4053 1138 4104 modu·
1159 4061 1212 4106 ast.
1251 4052 1294 4105 Gi.
1313 4068 1337 4102 ο.
1354 4055 1383 4117 3,

214 4132 231 4170 ιι
248 4117 391 4169 veteribus
407 4116 602 4185 grammaticis
619 4116 709 4184 prima
724 4133 774 4184 po-
823 4119 851 4185 §5
867 4123 889 4169 1.
908 4123 933 4171 2
948 4123 984 4181 3,
1001 4136 1025 4171 ο.
1043 4122 1069 4185 4,
1087 4120 1100 4185 p
1117 4125 1152 4183 3.,
1170 4138 1194 4173 ι.
1212 4124 1239 4186 5,
1254 4120 1269 4185 p
1286 4124 1321 4183 1.,
1339 4117 1383 4169 in·

213 4181 280 4235 silio
299 4184 402 4237 dicitnr
421 4202 502 4236 nasus
522 4184 725 4247 nominativus,
745 4184 773 4237 io
824 4186 924 4253 palmis
941 4192 1033 4239 autem
1052 4204 1077 4239 e.
1095 4193 1127 4250 6,
1151 4189 1178 4254 55
1198 4192 1223 4240 1.
1242 4191 1269 4239 2.
1286 4191 1327 4250 a,
1357 4203 1383 4238 o.

212 4248 308 4303 verbis
338 4258 431 4303 autem
461 4268 532 4319 quaa
562 4254 647 4319 vulgo
683 4252 775 4319 prima
825 4254 978 4319 Imm„
1009 4272 1033 4307 e.
1052 4259 1099 4315 15,
1120 4257 1133 4321 ᾗ
1151 4262 1175 4306 1.
1211 4255 1288 4306 ldem
1304 4253 1384 4305 relat

214 4324 330 4366 vocatur·
343 4320 491 4384 persona.“
507 4319 593 4373 Zaur.
605 4346 639 4359 -·
655 4319 775 4371 Erram
823 4322 937 4388 primam
953 4322 1040 4374 themo
1057 4338 1082 4374 ο.
1101 4327 1142 4387 15,
1158 4322 1172 4389 ξ
1190 4326 1230 4375 lr.
1249 4328 1279 4374 et
1295 4321 1385 4375 themo

213 4381 356 4434 hominem
380 4384 491 4436 doctum
513 4402 567 4436 non
591 4390 634 4437 est
656 4385 775 4437 difficile
826 4405 850 4439 e.
870 4390 914 4450 la,
935 4388 949 4453 ξ
970 4391 1011 4439 lt.

214 4447 342 4520 probatu.
377 4448 447 4501 Nam
468 4451 558 4516 prima
582 4468 700 4517 persono
719 4453 774 4503 hoo
858 4452 897 4516 X,
931 4457 954 4511 l.v
987 4456 1111 4523 temporis
1132 4454 1280 4523 ττττιοπλίι]
1308 4453 1384 4535 pared

215 4522 278 4571 apro
299 4513 411 4565 nomlaa
428 4517 591 4582 appellatur
612 4536 636 4570 ο.
652 4520 682 4582 Β,
705 4518 773 4585 Μ,
824 4526 1005 4587 angmentum
1024 4528 1126 4577 roenut
1142 4520 1329 4591 gram-atior.
