2950 4992
259 158 321 229 tet
743 149 951 220 Macuouu

257 348 322 415 apro
351 322 546 393 validissimis
575 321 766 407 argumentis
796 320 918 388 animae
952 320 1154 388 inmortalitas
1187 322 1364 393 adseritur:
1412 340 1439 396 et

256 414 333 479 haec
351 419 400 477 est
420 416 673 493 argumentorum
694 428 830 485 summa,
870 428 938 473 esse
965 410 1098 475 animam
1127 410 1238 475 mortis
1261 413 1436 494 inmunem,

228 498 406 586 'lquoniam
433 516 473 561 ex
498 516 531 559 se
559 501 710 561 moretur.
772 492 937 559 Sciendum
965 503 1157 572 astantem,
1191 498 1281 580 'quod
1310 500 1435 566 duobus

256 584 357 650 modis
390 580 593 647 inmortalitas
626 578 826 661 intellegitur.
868 585 933 644 Aut
963 580 1046 644 enim
1082 580 1152 644 ideo
1186 589 1232 645 est
1262 583 1433 651 inmortale

140 740 147 751 ,
256 670 347 757 quid,
383 667 456 753 quia
478 686 534 750 per
553 686 587 729 se
608 685 670 729 non
692 672 740 727 est
761 684 856 748 capax
877 665 1002 742 mortis,
1039 673 1094 729 aut
1114 666 1185 751 quia
1207 672 1433 749 procuratione

255 754 383 821 alterius
404 773 423 816 a
444 760 543 815 morte
565 749 749 815 defenditur.
792 750 840 849 1ny
861 748 910 813 his
932 750 1017 835 prior
1036 751 1148 821 modus
1169 750 1203 815 ad
1223 753 1361 833 animae,
1388 779 1433 821 se-

255 840 375 907 cundus
393 838 432 903 ad
457 835 564 901 mundi
585 834 835 900 inmortalitatem
862 834 1004 900 refertur.
1047 837 1103 900 Illa
1126 835 1205 900 enim
1233 848 1344 922 suapte
1377 862 1433 906 na·

255 936 325 991 tura
343 946 360 988 a
380 921 557 987 conditione
578 918 688 985 mortis
708 919 807 983 aliena
829 928 890 983 est:
920 922 1054 986 mundus
1077 943 1149 987 vero
1171 922 1284 987 animae
1305 924 1432 991 benefi-

226 1009 304 1076 Scio
332 1013 364 1073 in
385 1008 442 1071 hac
466 1007 548 1071 ritae
575 1005 780 1093 perpetuitate
808 1006 968 1071 retinetur.
1011 1008 1131 1073 Rursus
1160 1028 1278 1092 semper
1302 1013 1432 1077 moveri

255 1094 419 1179 dupliciter
439 1092 596 1177 accipitur.
638 1092 707 1156 Hoc
725 1090 808 1154 enim
829 1091 942 1157 dicitur
961 1098 993 1156 et
1012 1092 1050 1155 de
1071 1114 1108 1157 eo
1130 1093 1214 1177 quod
1233 1114 1272 1157 ex
1294 1116 1360 1179 quo
1384 1106 1432 1161 est

256 1198 378 1263 semper
398 1185 550 1255 moretur,
569 1187 603 1243 et
622 1175 661 1241 de
681 1196 719 1241 co
739 1174 823 1259 quod
841 1197 963 1262 semper
981 1183 1013 1240 et
1032 1186 1079 1242 est
1099 1185 1130 1243 et
1149 1187 1305 1245 movetur:
1329 1191 1362 1245 et
1384 1204 1430 1247 se-

227 1265 376 1331 licundus
402 1264 514 1329 modus
546 1271 594 1330 ost
622 1283 685 1347 quo
717 1261 852 1325 animem
880 1262 1010 1327 dicimus
1037 1283 1159 1348 semper
1185 1264 1313 1330 moveri.
1373 1268 1429 1332 His

256 1351 433 1438 praemissis
451 1351 511 1415 iam
533 1349 648 1435 quibus
669 1346 852 1431 syllogismis
874 1346 911 1413 de
932 1347 1151 1413 inmortalitate
1171 1350 1291 1414 animae
1314 1351 1430 1418 diversi

256 1446 424 1503 sectatores
447 1436 584 1501 Platonis
610 1431 783 1497 ratiocinati
812 1440 885 1497 sunt
916 1441 1038 1518 oportet
1063 1434 1185 1519 aperiri.
1235 1434 1316 1500 Sunt
1345 1439 1428 1502 enim

278 1525 311 1588 ui
339 1543 392 1608 per
415 1521 528 1605 gradus
551 1518 798 1606 syllogismorum
827 1518 865 1581 ad
893 1538 990 1583 unum
1020 1518 1111 1583 finem
1141 1520 1335 1603 probationis
1360 1544 1428 1589 eva·

256 1544 335 1673 aunt
357 1615 472 1673 certam
492 1607 551 1671 sibi
571 1604 812 1691 propositionem
835 1604 992 1688 sequentis
1014 1625 1052 1667 ex
1071 1605 1282 1670 antecedentis
1301 1610 1427 1673 conclu-

208 1693 343 1761 l0sione
365 1692 519 1758 iacientes.
561 1690 652 1776 Apud
675 1710 754 1775 quos
776 1688 825 1753 hic
846 1690 932 1775 prior
950 1699 1009 1754 est:
1023 1775 1024 1779 Ἰ
1036 1690 1147 1755 Anima
1167 1714 1205 1755 erc
1225 1715 1255 1755 se
1276 1706 1426 1760 movetur:

256 1779 398 1867 quiequid
420 1791 518 1843 arden
538 1800 578 1841 aa
599 1786 782 1840 semovetur
801 1796 915 1861 semper
933 1786 1080 1840 moramur:
1111 1778 1207 1861 ipitar
1226 1778 1332 1842 onemo
1354 1803 1426 1843 sern-

205 1876 337 1952 [tseyper
354 1874 496 1927 movetur.
539 1861 698 1927 Secundus
718 1861 770 1937 ita,
792 1860 845 1945 qui
865 1860 1001 1925 nescitur
1022 1881 1059 1925 ex
1082 1861 1194 1945 prioris
1217 1862 1293 1926 line:
1312 1865 1425 1929 Arima

253 1968 368 2031 seraper
387 1958 538 2012 mouetur:
565 1947 645 2033 quod
664 1956 763 2010 caton
783 1968 900 2031 semper,
916 1957 1048 2011 moestam
1067 1949 1224 2011 mmortcle
1243 1960 1300 2013 est:
1331 1952 1425 2035 igetur

254 2032 358 2097 arima
379 2032 546 2096 inmortalis
565 2043 613 2095 est.
655 2033 698 2095 Et
718 2031 759 2095 ite
780 2030 812 2094 in
836 2031 956 2095 duobus
976 2031 1159 2117 syllogismis
1180 2032 1259 2097 duee
1281 2054 1333 2098 res
1356 2057 1422 2121 pro·

254 2117 383 2193 bantur,
411 2116 442 2179 id
464 2122 511 2179 est
533 2123 565 2180 et
586 2136 707 2200 semper
727 2116 845 2180 moveri
867 2117 1015 2192 animem,
1046 2124 1082 2181 ut
1104 2117 1136 2181 in
1158 2118 1275 2202 priore,
1304 2127 1338 2183 et
1358 2143 1422 2185 esse

206 2202 463 2278 ll‘inmortalem
499 2210 536 2267 ut
561 2201 714 2285 colligitur
738 2201 777 2266 de
802 2203 946 2267 secundo.
989 2202 1050 2266 Alii
1075 2222 1149 2267 vero
1172 2224 1270 2287 usque
1297 2204 1338 2267 ad
1364 2214 1422 2270 ter·

254 2290 331 2355 tium
351 2288 478 2374 gadum
499 2288 541 2353 ita
560 2286 802 2371 argumentando
823 2288 1008 2371 procedunt:
1031 2288 1140 2353 Animo
1160 2311 1199 2351 ecc
1218 2311 1249 2351 se
1268 2302 1425 2356 movetur:

254 2374 334 2464 pared
362 2387 460 2439 autem
486 2398 524 2438 ec
553 2397 585 2437 sc
609 2384 743 2438 moretm·
762 2372 1073 2521 praecognitam-motas
1097 2384 1151 2435 est:
1190 2372 1284 2455 ν’ρίων
1310 2377 1428 2440 anema

249 2461 441 2547 priscopoleos
461 2471 556 2525 motas
578 2470 626 2523 est.
667 2460 787 2522 Rursus
805 2479 843 2523 ex
883 2478 917 2522 ac
935 2458 1129 2523 conclusione
1151 2455 1283 2519 nascitur
1297 2475 1427 2540 propo·

254 2546 341 2612 sitio:
372 2548 483 2613 Ancora
500 2546 690 2636 praecipiam
707 2555 804 2610 motos
825 2556 882 2610 est:
903 2544 983 2632 qaod
1002 2556 1100 2609 actem
1115 2542 1298 2631 principiam
1317 2553 1426 2609 motus

320 2698 389 2751 Mas.
407 2698 608 2761 BFSPRWG]

252 2782 395 2833 doceas.
437 2784 633 2851 phoedoaeg·
658 2811 692 2821 -
717 2784 875 2834 adverbum
895 2781 1048 2847 (supudd.
1068 2781 1276 2841 deoeebollll.
1321 2781 1422 2831 verbo

253 2848 291 2897 od
310 2850 415 2899 cardam
434 2850 488 2899 Ta.
516 2879 549 2889 -
576 2860 602 2903 ct
618 2858 656 2903 est
675 2858 751 2917 (sup,
771 2850 832 2902 aad.
852 2852 929 2910 leaeo)
948 2850 998 2900 Rl.
1025 2844 1097 2901 'hoec
1114 2858 1152 2901 est
1170 2856 1237 2910 [om.
1255 2853 1293 2907 et)
1315 2845 1347 2897 F.
1383 2856 1422 2899 est

254 2914 325 2975 (del.
343 2925 368 2968 et
386 2916 464 2975 hoec)
485 2917 536 2968 Hl.
558 2946 590 2957 -
613 2936 715 2969 samma
732 2926 947 2986 argumentorum
968 2918 1001 2967 B.
1024 2944 1050 2955 -
1080 2926 1198 2970 movetur
1214 2914 1423 2967 urstis-altra

252 2982 326 3035 ulo.
361 2991 512 3035 moveatur
536 2985 687 3053 cahngG.
722 2987 875 3049 ‚‚lllelius.“
902 2986 987 3036 Zcun.
1137 2990 1164 3035 t·
1201 2992 1344 3036 autemcst
1367 2983 1419 3032 Ra.

252 3080 286 3089 —
304 3052 471 3118 intellegitur
484 3054 671 3104 immortalitas
685 3053 737 3102 Ra.
758 3082 784 3091 -
805 3056 873 3104 enim
891 3070 944 3103 orn.
963 3052 1085 3103 Vincent.
1103 3051 1257 3114 Bellonae,
1275 3051 1321 3116 qui
1338 3049 1421 3115 Spec.

251 3117 315 3167 Nat,
337 3118 442 3179 xxm,
467 3122 509 3169 24.
532 3120 671 3187 excerpsit
688 3121 773 3172 veroa
795 3122 935 3171 Sciendum
952 3128 991 3174 est
1066 3120 1226 3181 defenditur.
1250 3148 1277 3157 -
1305 3116 1344 3168 cst
1361 3120 1422 3169 ideo

253 3184 306 3235 RS.
321 3212 356 3222 —-
376 3186 469 3237 modos
485 3195 533 3239 ast
552 3190 658 3240 animae
674 3188 728 3237 Hl.
745 3216 780 3227 -
798 3190 827 3239 si
845 3197 906 3255 apte
924 3189 975 3239 ΕΙ.
992 3216 1026 3227 -
1047 3190 1195 3239 conditione
1211 3193 1286 3252 (sup.
1305 3186 1369 3237 add.
1387 3191 1420 3246 a)

252 3252 303 3303 lit.
456 3258 483 3305 8.
517 3263 542 3307 et
564 3257 597 3308 de
619 3275 649 3309 eo
672 3257 770 3309 dicitur
790 3255 822 3307 F.
848 3284 876 3293 —
912 3257 1064 3322 accipitur
1081 3262 1106 3305 et
1125 3258 1158 3308 de
1176 3273 1205 3306 co
1225 3255 1294 3321 quod
1315 3271 1346 3304 ear
1368 3272 1422 3320 pao

252 3328 291 3373 est
311 3336 412 3389 semper
435 3332 567 3376 mouetur:
592 3333 617 3378 et
634 3328 667 3377 de
685 3341 714 3375 eo
731 3326 801 3391 qaod
820 3341 855 3376 ea
872 3342 932 3391 pao
948 3332 993 3375 est
1014 3339 1113 3388 seraper
1131 3331 1154 3375 et
1172 3329 1289 3374 movetur
1307 3329 1376 3381 (ont.
1395 3330 1423 3373 et

251 3395 304 3450 est)
326 3408 351 3441 v.
384 3418 411 3427 -
443 3394 574 3445 secandas
590 3396 683 3447 modos
704 3402 742 3443 est
761 3400 785 3443 ct
801 3392 834 3443 de
850 3408 880 3442 eo
902 3393 971 3458 quod
988 3406 1088 3457 semper
1107 3398 1144 3442 est
1163 3398 1187 3442 et
1207 3397 1325 3441 movetur
1348 3394 1421 3449 (orn.

250 3458 346 3523 priore
363 3464 402 3519 et)
420 3458 451 3509 F.
473 3483 506 3499 ἡ
530 3478 629 3530 seraper
646 3471 684 3516 est
701 3468 726 3513 et
746 3467 812 3521 [om.
831 3465 869 3519 at)
888 3460 940 3509 Rl.
974 3474 1074 3525 semper
1092 3464 1160 3517 (om.
1178 3466 1202 3509 et
1220 3464 1258 3509 ast
1276 3462 1314 3516 et)
1334 3456 1369 3507 D.
1383 3485 1422 3495 -

249 3527 378 3575 secandas
396 3532 463 3585 (om.
478 3536 516 3589 et)
535 3530 589 3581 Hl.
740 3532 765 3579 9.
801 3528 900 3579 divorsi
917 3544 977 3591 sup.
998 3527 1062 3578 add.
1082 3526 1132 3575 Rl.
1149 3553 1181 3563 —
1196 3525 1338 3577 rationali
1355 3534 1422 3578 sont

251 3590 350 3669 Ollil
369 3609 430 3657 sup.
449 3597 512 3647 add.
531 3599 578 3658 aa).
619 3598 773 3649 ratiocinati
791 3596 852 3647 sint
877 3594 1008 3646 s-ltPDG.
1057 3595 1273 3645 ratiocinantur
1294 3608 1356 3657 v-g.
1384 3620 1422 3633 -·

250 3673 362 3723 operare
386 3658 443 3711 BF.
472 3692 508 3703 -
536 3666 652 3718 evadunt
679 3660 1091 3717 Besarauuottsnssmffn.
1144 3662 1269 3713 evadant
1298 3660 1421 3712 Eddt’l.

353 3727 392 3775 1⁰·
430 3731 556 3797 quicquid
572 3741 660 3784 autera
677 3750 708 3783 ee
722 3750 751 3783 se
766 3740 892 3794 movetur,
909 3747 1009 3799 semper
1026 3737 1143 3781 movetur
1158 3746 1213 3780 orn.
1232 3728 1266 3779 G.
1282 3756 1314 3767 -
1330 3728 1423 3793 quic·

249 3792 328 3859 perid
345 3800 432 3843 autem
444 3812 545 3863 semper
561 3800 635 3867 νίας.
651 3828 681 3837 -
702 3817 737 3851 ea
752 3801 864 3851 secondo
882 3799 932 3864 lte.
1085 3800 1125 3847 ll.
1159 3814 1241 3863 nsque
1257 3796 1293 3847 ad
1309 3797 1422 3849 tertiam

250 3861 320 3923 [del
336 3862 386 3921 ad)
405 3862 455 3913 Rl·
475 3892 509 3903 -
523 3868 682 3933 principiam
696 3875 734 3920 ast
752 3876 836 3919 motas
854 3866 981 3919 (rs-ose.
998 3866 1134 3934 -igitur
1151 3867 1241 3915 animo
1319 3864 1422 3915 Anima

246 3930 407 3997 principiam
422 3939 508 3985 motas
524 3942 563 3986 est
582 3950 636 3987 om,
657 3934 783 3987 Vincent.
798 3936 908 3988 Bellon.
928 3935 977 4001 qui
994 3933 1075 4000 Spec-
1091 3931 1154 3985 Nat.
1173 3931 1280 3997 xxm,
1303 3934 1345 3982 65.
1368 3946 1421 3981 ex-

249 4081 501 4146 „Verltal’latonia
516 4080 578 4139 cum
593 4086 808 4141 Ciceronecon·
891 4095 915 4141 9.
957 4087 1087 4140 calicrati
1122 4083 1192 4151 suat]
1228 4080 1421 4135 indicativum

247 4150 306 4201 fert
326 4151 389 4203 Ant.
414 4155 541 4208 Muretus
564 4158 629 4209 Ver.
655 4157 731 4222 vul,
761 4161 807 4209 3.“
856 4158 969 4209 modum
994 4172 1008 4207 e
1035 4154 1113 4205 codd.
1142 4151 1284 4220 plerisque
1311 4152 1420 4217 recepi,

250 4219 341 4269 Gssott·
857 4242 940 4291 qurum
966 4222 1126 4291 Maprobius
1149 4221 1262 4287 saepius
1287 4219 1421 4286 posuerit

282 4291 307 4337 7·
343 4290 421 4357 quod]
439 4291 621 4345 viduatam
640 4292 806 4361 lib.l‚eop.
855 4294 930 4345 hunc
956 4291 1084 4354 modum,
1114 4290 1162 4342 ubi
1189 4288 1331 4355 ponendus
1355 4294 1420 4339 erat

249 4354 383 4418 13νὲῙᾶ
856 4360 1058 4411 coniunctivua.
1092 4356 1282 4408 timuerat
1302 4354 1418 4417 1‚r,4.

281 4422 308 4466 8.
345 4437 377 4471 er
392 4427 504 4491 pooest]
523 4426 555 4477 ld
571 4428 645 4493 qnod
662 4426 806 4493 exaliqua
856 4432 885 4477 et
901 4426 924 4487 1,
943 4431 984 4484 1⁷,
999 4432 1025 4476 t.
1060 4424 1104 4477 Ob
1121 4425 1236 4476 eandem
1254 4436 1370 4475 causans
1387 4422 1417 4473 in

248 4485 374 4547 tompore
403 4498 460 4552 est,
495 4503 651 4560 opponatur
678 4493 805 4559 sequenti
855 4490 1037 4555 sequentibus
1054 4492 1171 4559 scripsi:
1202 4498 1263 4545 sunl
1282 4526 1305 4543 ..
1325 4490 1374 4558 qui
1391 4526 1416 4544 ..

251 4550 323 4648 ῦὲὒ
338 4565 438 4619 temper
455 4565 502 4609 ert.
856 4559 979 4611 madeat.
