2950 4992
211 151 272 219 148
694 142 905 221 Mausolus

161 330 243 395 llse
265 321 384 387 ratione
410 336 572 385 emensum
601 313 729 400 putavit
773 313 862 393 Quae
889 320 992 379 tamen
1013 312 1208 381 Archimedis
1233 315 1389 383 dimensio

208 430 226 474 a
254 405 421 473 Platonicis
449 402 610 489 repudiata
642 407 690 464 est
717 400 806 485 quasi
833 400 926 485 dupla
952 406 985 465 ct
1012 400 1103 485 tripla
1132 401 1291 468 intervalla
1323 426 1388 469 non

208 512 349 560 servans:
389 499 421 555 et
442 494 617 553 statuerunt
644 484 703 549 hoc
724 505 792 550 esse
816 484 1017 559 credendum,
1046 494 1098 562 ut,
1126 496 1278 573 quantum
1302 498 1387 555 esta

208 589 290 645 terra
311 597 411 660 usqua
427 573 466 639 ad
486 573 602 649 lunam,
624 570 753 656 duplum
776 570 817 635 sit
836 593 853 635 a
875 579 957 636 terra
975 590 1075 655 usquc
1093 572 1131 637 ad
1154 574 1265 639 solem:
1288 596 1387 661 quan·

209 673 339 749 tumque
358 669 405 725 cst
427 680 444 723 a
467 667 549 735 terra
580 677 680 742 usque
709 655 748 720 ad
770 657 884 733 solem,
923 656 1049 741 triplum
1079 657 1119 721 sit
1140 679 1157 721 a
1179 668 1261 724 terra
1284 682 1387 747 usque

209 748 247 814 ad
271 750 440 813 Venerem:
479 750 693 827 quantumque
716 750 764 806 est
786 763 804 805 a
828 751 910 806 terra
931 741 1090 827 usquead
1113 744 1279 822 Venerem,
1309 768 1388 831 qua-

209 844 258 899 ter
278 840 400 899 tentum
428 830 470 895 sit
489 848 507 892 a
528 837 611 893 terra
639 847 739 911 usque
762 826 799 891 ad
820 826 969 892 Mercurii
996 827 1132 893 stellam:
1170 838 1387 917 quantumque

209 927 257 985 est
277 918 316 983 ad
339 914 532 983 Mercurium
553 933 571 976 a
592 921 692 989 terra,
731 913 838 978 novies
866 920 987 977 tanturn
1018 913 1058 977 sit
1078 934 1095 977 a
1117 921 1198 979 terra
1223 916 1320 1001 usquc
1344 918 1387 982 ad

208 1007 359 1072 Martem:
396 1009 429 1065 et
449 1006 601 1085 quantum
622 1018 641 1061 a
664 1005 748 1061 terra
769 1018 869 1082 usque
891 998 928 1062 ad
951 998 1084 1063 Martem
1107 1006 1171 1078 est,
1199 1002 1293 1066 octies
1313 1010 1386 1067 tan-

209 1101 276 1155 tum
297 1089 338 1153 sit
358 1108 375 1151 a
395 1094 477 1151 terra
500 1082 658 1168 usquead
678 1083 798 1148 lovem:
837 1091 1050 1168 quantumque
1072 1094 1120 1149 est
1139 1106 1156 1149 a
1182 1093 1264 1151 terra
1285 1107 1387 1173 usque

211 1177 248 1242 ad
269 1178 389 1245 lovem,
426 1169 541 1255 septies
562 1178 594 1233 et
615 1167 706 1233 vicies
728 1176 850 1233 mutum
877 1168 917 1232 sit
937 1188 954 1232 a
975 1176 1057 1233 terra
1078 1190 1179 1255 usque
1200 1172 1237 1236 ad
1259 1172 1386 1237 Saturni

162 1262 327 1329 lborbem.
369 1258 457 1322 Hanc
484 1253 715 1319 Platonicorum
745 1253 976 1338 persuasionem
1002 1254 1194 1340 Porphyrius
1223 1257 1308 1322 libris
1339 1260 1387 1322 in-

210 1346 308 1413 seruit
329 1343 443 1428 quihus
463 1340 580 1405 Timaei
602 1338 842 1403 obscuritatibus
862 1338 1001 1403 nonnihil
1024 1340 1100 1404 lucis
1123 1340 1249 1421 infudit,
1279 1343 1386 1428 aitque

210 1454 267 1497 eos
286 1429 411 1497 credere
433 1426 471 1491 ad
501 1425 666 1511 imaginem
688 1424 896 1489 contextionis
918 1425 1038 1490 animae
1067 1425 1142 1491 haec
1171 1448 1237 1492 esse
1264 1428 1296 1493 in
1319 1418 1386 1495 cor-

210 1539 287 1604 pore
308 1513 413 1581 mundi
437 1510 612 1586 intervalla,
649 1530 729 1594 quae
751 1509 882 1595 epitritis
910 1509 1063 1575 hemioliis
1084 1513 1230 1597 epogdois
1253 1513 1386 1579 hemito-

210 1604 333 1688 niisquc
351 1597 534 1683 conplentur
555 1604 587 1661 ct
609 1595 756 1672 limmate,
777 1603 809 1660 et
829 1596 871 1659 ita
890 1596 1057 1681 ¹provenire
1078 1607 1274 1676 concentum,
1296 1586 1385 1666 cuius

211 1690 290 1754 ratio
322 1687 355 1751 in
382 1683 553 1749 substantia
582 1681 702 1745 animae
733 1688 878 1745 contexta
910 1682 1067 1747 mundano
1096 1703 1222 1769 quoque
1252 1706 1306 1750 cor
1348 1687 1386 1761 ri,

163 1773 297 1861 luquod
320 1771 359 1837 ab
380 1770 482 1834 anima
504 1775 656 1844 movetur,
672 1766 787 1830 inserta
809 1774 866 1830 est.
908 1766 997 1833 Unde
1020 1770 1164 1833 exomni
1187 1779 1273 1855 parte
1316 1781 1386 1836 octa

212 1869 245 1942 et
269 1856 402 1945 perlecta
423 1863 470 1919 est
490 1852 647 1919 Ciceronis
675 1850 823 1930 adsertio,
863 1853 917 1936 qui
939 1855 1104 1919 interuallis
1129 1857 1299 1941 inparibus,
1333 1859 1387 1922 sed

212 1962 310 2012 tomen
320 1965 381 2030 pro
400 1953 469 2005 ruta
483 1950 573 2025 porte
593 1939 710 2002 ratione
730 1938 887 2015 distinctis,
907 1940 1073 2005 caelestem
1094 1961 1205 2007 sonum
1219 1941 1298 2013 ,dicit
1318 1964 1388 2007 esse

163 2036 486 2205 psillsmllillmllunc
508 2109 594 2174 locus
619 2083 792 2184 ammonet,
832 2115 867 2171 ut
891 2106 929 2171 de
952 2108 1101 2191 gravitate
1125 2118 1156 2173 et
1176 2112 1317 2177 acumine
1337 2134 1387 2177 so·

215 2223 327 2269 norum
355 2196 547 2264 diversitates
577 2215 654 2279 quas
683 2193 797 2258 adserit
818 2193 1018 2257 revolvamus.
1060 2195 1101 2257 Et
1118 2207 1231 2261 natura
1247 2201 1320 2282 sert,
1354 2212 1389 2263 nt

284 2355 353 2406 Mes.
374 2347 601 2409 BGFSPRMG]

212 2441 285 2494 est.“
315 2438 401 2489 Gron.
453 2432 558 2498 „Forte
585 2430 644 2497 lagi
669 2430 752 2481 debet
780 2428 902 2495 stelliferi
924 2426 988 2477 coeli
1010 2444 1122 2479 cursum.
1164 2428 1234 2480 Nam
1261 2430 1385 2496 primurn

214 2512 299 2562 Gron.
322 2506 438 2559 membr.
462 2503 567 2553 hubent
589 2516 706 2562 cursum,
743 2498 843 2549 deinde
862 2496 986 2561 stelliferi
1003 2498 1068 2547 coeli
1084 2514 1193 2551 ,cursum
1214 2506 1278 2548 eunt
1297 2501 1385 2551 rerba

213 2576 373 2641 Ciceronis,
399 2588 470 2639 quac
487 2571 534 2621 hic
552 2568 642 2635 repeti
663 2566 697 2617 ab
716 2573 831 2617 arrctore
853 2564 1000 2616 admodum
1023 2565 1062 2614 sit
1084 2566 1244 2617 verosimile
1264 2584 1299 2616 cx
1318 2583 1386 2617 crin-

213 2644 362 2698 suetudine
381 2658 435 2709 qun
453 2656 516 2689 curn
535 2638 642 2705 passim
664 2651 744 2684 usum
764 2652 827 2685 esee
851 2634 1008 2686 videmrrs.“
1032 2632 1115 2683 Zeun.
1149 2662 1175 2670 -
1205 2651 1332 2686 mensum
1351 2632 1389 2694 (C

214 2733 276 2781 sap.
300 2711 364 2763 add.
390 2714 417 2768 e)
441 2708 494 2758 Gr.
664 2705 704 2753 14.
741 2701 960 2753 Archidemides
984 2699 1015 2750 F.
1064 2701 1265 2753 archimenidis
1287 2702 1389 2754 vicH2.

213 2780 382 2833 archimedes
401 2777 433 2827 0.
449 2803 483 2811 —
499 2772 534 2824 eit
551 2771 660 2839 duplum
678 2788 695 2820 u
712 2778 784 2820 terra
802 2770 834 2820 B.
870 2770 980 2835 duplum
999 2770 1033 2820 sit
1051 2787 1067 2819 a
1086 2770 1164 2820 iuna
1182 2771 1235 2820 Hl.
1251 2798 1284 2807 —
1303 2789 1390 2837 quan·

213 2859 269 2901 tum
287 2854 356 2908 (orn.
374 2849 436 2911 que)
455 2840 528 2892 Slil.
563 2847 820 2906 quiuntumcumque
838 2836 868 2886 0.
894 2864 925 2872 -
952 2837 1113 2904 triplamque
1131 2839 1166 2887 eit
1183 2856 1200 2888 u
1219 2848 1290 2890 terro
1308 2856 1393 2906 usque

214 2920 251 2968 od
270 2914 435 2967 mercurium
458 2915 524 2969 (om.
544 2909 580 2957 red
602 2908 727 2957 Venerem
806 2907 843 2975 ud
864 2906 989 2956 Mercurii
1006 2906 1125 2963 stellam)
1143 2904 1173 2955 F.
1197 2934 1231 2944 -
1258 2907 1295 2957 ud
1310 2923 1392 2957 uene-

213 3002 277 3036 rem.
295 2989 421 3051 quantum
439 2985 477 3028 est
496 2982 563 3037 (orn.
583 2979 645 3041 que)
664 2973 692 3025 S.
730 2982 913 3039 quantumque
930 2977 998 3031 (orrr.
1018 2977 1069 3031 est)
1090 2972 1184 3023 111211.
1212 3003 1247 3011 —-
1275 2975 1390 3025 stallum.

216 3060 343 3121 quantum
362 3055 401 3101 est
420 3052 489 3106 (rim.
511 3047 573 3112 pue)
594 3040 665 3092 SRl.
701 3050 880 3107 quesitumque
903 3045 971 3099 (arm.
992 3046 1043 3099 est)
1063 3040 1094 3090 Β.
1130 3050 1392 3109 quantumcumque

216 3121 302 3172 estc.
333 3147 361 3155 -
392 3132 411 3166 a
430 3122 501 3165 terro
519 3113 555 3162 od
573 3110 729 3160 mercurium
751 3108 780 3157 F.
807 3135 840 3144 —
870 3109 907 3157 ad
926 3114 1036 3157 mortem
1054 3106 1124 3167 (iim.
1142 3115 1194 3168 est)
1213 3110 1264 3159 ltr.
1294 3138 1321 3147 —
1353 3112 1391 3160 od

215 3191 321 3240 iuvem.
340 3191 467 3254 quantum
485 3187 522 3231 eet
540 3184 609 3239 (orn.
628 3183 691 3244 que)
711 3176 742 3226 F.
765 3205 799 3213 -
825 3176 922 3243 vigies
940 3174 987 3225 BF
1005 3174 1057 3234 (lll
1078 3192 1138 3241 sup.
1157 3182 1193 3237 c).
1215 3205 1248 3215 -
1277 3180 1312 3229 sit
1328 3186 1392 3228 tou-

215 3266 271 3309 tum
291 3271 353 3322 r-g.
507 3250 546 3298 15.
586 3246 760 3296 Platonicam
784 3244 870 3311 r-gG.
899 3270 929 3279 -
961 3242 1035 3292 libris
1054 3244 1126 3294 suis
1154 3245 1211 3295 s-b.
1264 3246 1392 3300 inlibris

216 3325 284 3375 suis
301 3322 333 3374 F.
350 3349 382 3358 -
401 3319 433 3370 in
451 3315 543 3383 quibam
560 3313 591 3364 F.
609 3342 643 3351 -
659 3314 782 3378 infulcit
798 3317 873 3376 (sup.
890 3311 1004 3374 infudit)
1024 3308 1052 3358 G.
1069 3338 1102 3347 -
1120 3312 1226 3378 Atque
1244 3330 1287 3364 eos
1304 3314 1390 3365 dicit

214 3392 248 3443 F·
272 3422 304 3431 —
337 3384 501 3443 intentionis
518 3389 594 3449 (sup.
613 3386 674 3441 con]
694 3381 746 3430 nr.
772 3408 803 3419 -
833 3380 939 3431 animos
958 3395 1011 3429 esee
1031 3383 1100 3437 (om.
1119 3378 1198 3440 haec)
1217 3398 1270 3430 s-z.
1296 3408 1329 3419 --
1356 3389 1392 3432 et

216 3479 284 3528 qnae
303 3477 328 3513 v.
351 3486 384 3496 -
403 3463 432 3507 et
450 3453 579 3521 epogdois
596 3448 717 3499 hunul.
736 3476 771 3487 —
790 3447 989 3513 hemitonisque
1009 3445 1104 3513 vichg.
1126 3476 1156 3484 -
1177 3457 1202 3499 et
1220 3449 1392 3513 liminatoe

216 3546 243 3578 r.
267 3556 301 3565 -
330 3530 479 3581 concentum
497 3519 635 3586 provenire
652 3515 683 3567 G.
709 3544 735 3554 ·-
765 3518 931 3582 mundoque
949 3520 1023 3579 (sup.
1045 3516 1180 3567 mundano
1199 3521 1313 3584 quoquc)
1331 3534 1392 3567 cor-

214 3596 275 3662 pori
291 3595 340 3643 111.
362 3621 387 3629 -
416 3590 490 3658 quid
507 3586 642 3655 (supuel
662 3586 745 3651 quod)
765 3582 867 3633 Ru-
889 3591 927 3633 est
945 3582 1044 3633 inserto
1062 3583 1113 3632 112.
1268 3590 1305 3634 16.
1342 3587 1392 3637 sed

215 3669 338 3713 tuntum
358 3660 414 3725 chg
432 3662 466 3724 (g
485 3654 511 3705 in
531 3672 589 3723 mg.
608 3658 719 3711 tamen).
738 3680 772 3691 -
792 3650 927 3717 partium
947 3648 990 3699 lta
1009 3666 1025 3701 a
1044 3667 1100 3701 sec.
1121 3667 1171 3713 m.‚
1188 3648 1267 3702 LTu,
1288 3680 1316 3689 -
1342 3669 1389 3703 m.

176 3745 180 3754 ’
215 3728 304 3781 tionis
319 3725 341 3777 C
359 3740 376 3776 a
396 3740 452 3773 sec.
471 3738 516 3783 m.,
532 3720 565 3772 F.
585 3749 620 3759 -
639 3721 824 3771 coniunctum
843 3724 917 3782 (sup.
936 3718 978 3767 vel
997 3718 1134 3777 disiunct.)
1154 3718 1186 3768 F.

283 3795 328 3847 lv.
368 3795 455 3857 Caput
473 3790 487 3840 l
492 3791 523 3839 V.
560 3789 613 3853 Qui
623 3789 694 3852 fiat,
713 3796 743 3838 ut
761 3788 828 3837 inter
846 3802 921 3837 sonos
940 3785 1058 3837 coelestis
1074 3786 1148 3837 iliius
1166 3796 1302 3838 concentus
1318 3786 1392 3839 clius

216 3865 319 3917 acutior
336 3863 380 3923 sit,
399 3859 469 3912 clius
486 3857 611 3923 grauior.-
629 3856 759 3919 quodnam
778 3855 815 3905 ibi
831 3854 960 3904 melodiae
978 3854 1012 3904 eit
1029 3870 1131 3921 genum
1148 3862 1172 3906 et
1188 3872 1233 3905 cur
1250 3872 1328 3907 sonus
1343 3856 1392 3906 ille

214 3952 233 3990 a
255 3933 329 3987 nobis
350 3948 402 3982 non
420 3925 557 3978 audiatur.
587 3922 667 3972 ch-b.
821 3925 845 3971 1.
881 3928 1011 3974 ammonet
1033 3922 1104 3973 locus
1127 3923 1177 3973 lll.
1205 3951 1239 3960 -
1268 3940 1392 3975 sonorum

248 4087 291 4136 14.
328 4082 412 4149 duplo
428 4086 451 4130 et
467 4075 551 4144 tripla
563 4072 707 4125 interuallo
724 4091 777 4125 non
828 4088 967 4138 quamque
1014 4072 1128 4125 stellam
1178 4074 1391 4126 antecedentem

214 4152 333 4218 sununs]
363 4150 442 4200 llaec
468 4145 496 4195 iu
525 4140 707 4209 sequentibus
734 4141 776 4194 ita
827 4141 1100 4205 multiplicarentur,
1137 4142 1272 4210 stratio,
1306 4158 1393 4207 quum

213 4229 328 4273 serrata
348 4218 438 4270 voluit
460 4209 637 4273 Macrobius,
671 4215 702 4260 ut
722 4226 775 4261 nn·
825 4206 965 4275 Forbigcr
979 4208 1104 4269 (Handb.
1119 4208 1144 4260 d.
1157 4210 1207 4262 alt.
1218 4211 1321 4277 Geogr.
1333 4212 1391 4263 vol.

213 4288 301 4339 meris
322 4292 345 4347 l,
361 4290 389 4349 2,
410 4288 436 4347 3,
454 4286 479 4345 4,
498 4287 524 4346 9,
546 4286 573 4344 8,
589 4284 624 4330 21
642 4278 692 4340 (de
711 4278 775 4345 qui·
824 4275 847 4339 l,
864 4294 890 4341 p.
907 4281 981 4335 ⁶22.)
1000 4278 1124 4329 instituit
1142 4278 1195 4329 hoc
1211 4278 1392 4343 tonnellam,

211 4355 336 4407 buarid.
360 4352 464 4403 Comen.
483 4350 509 4412 l,
531 4353 562 4412 6,
580 4351 637 4405 46.)
656 4363 710 4396 non
728 4346 773 4397 in-
824 4360 888 4395 curn
919 4344 972 4394 hoc
1003 4346 1096 4395 minue
1128 4346 1276 4399 conveniet
1303 4362 1389 4412 quum

212 4421 362 4470 tessellum
379 4420 452 4483 quod
476 4424 553 4468 essct
573 4416 648 4466 iuter
667 4420 773 4465 terram
823 4426 886 4461 curn
903 4410 1012 4461 ratione
1031 4412 1173 4477 Platonis,
1204 4416 1311 4480 deque
1330 4415 1389 4467 rid.

212 4485 368 4545 atlunam,
398 4484 447 4535 sed
466 4483 708 4546 intervallaquna
726 4498 772 4530 es·
822 4494 845 4527 c.
863 4481 890 4539 2,
911 4479 923 4541 ᾗ
946 4481 985 4526 ld.

211 4556 274 4597 sent
310 4550 383 4599 inter
412 4556 517 4601 terrem
550 4560 583 4601 ‚er
614 4548 769 4613 proximam
856 4547 897 4593 1⁵.
935 4542 1049 4610 epitritis
1068 4546 1134 4611 ete]
1159 4546 1201 4598 Cl.
1221 4568 1244 4601 c.
1262 4548 1323 4614 2,§
1344 4552 1389 4601 20.
