2950 4992
618 160 755 228 CAPUT
777 163 816 228 ll.
1276 187 1329 230 ux

105 335 165 382 tam
184 334 235 386 bae
254 332 459 398 disputationes
484 346 564 396 quam
589 332 695 384 initium
719 333 835 398 tertiae,
866 345 946 396 qnam
969 334 1064 388 babuit
1079 335 1327 388 Praetextatus

106 417 143 466 de
162 417 232 468 iuris
250 415 385 480 pontificii
402 419 525 470 seientia
542 417 666 468 eiusdem
684 422 795 480 poetae.

178 501 255 561 (tuae
279 515 353 554 nunc
371 505 504 566 leguntur
521 501 550 554 in
569 501 706 564 principio
723 501 807 552 libri
824 501 898 570 tlt„
917 514 953 552 es
968 506 1098 566 spectant
1112 504 1147 554 ad
1167 503 1238 554 iuris
1256 517 1329 566 pon-

104 582 189 638 tificii
208 599 268 636 eam
284 587 391 650 legem,
410 598 426 636 e
446 599 501 650 qua
517 586 571 638 alsi
589 599 663 650 aqua
682 584 790 636 iluviaii
807 584 935 649 purgatis
952 599 1007 636 oon
1025 588 1130 638 licebat
1147 588 1200 638 diis
1216 587 1328 650 superis

102 682 193 720 sacra
211 672 323 735 tacere,
349 683 465 734 eamque
488 683 544 722 non
561 671 725 735 neglexisse
745 670 891 734 Virgilium
910 668 951 720 ait
965 671 1124 736 Vettius,
1143 673 1248 724 addens
1266 683 1329 722 eum

102 766 163 805 noa
186 753 385 818 ignoravisse,
412 767 473 805 eum
499 754 595 806 inieris
619 755 754 806 litandum
773 759 868 820 esset,
891 753 964 804 satis
983 758 1077 804 actum
1098 755 1203 819 videri,
1223 755 1329 818 siquis

103 850 183 901 aqua
209 852 242 890 se
271 838 453 900 aspersisset.
500 841 590 890 lioeet
612 839 710 890 deinde
734 843 776 900 (e.
799 839 839 898 1.)
861 833 1071 888 sacrificalibus
1100 839 1193 888 verbis
1217 839 1330 901 proprie

103 927 219 984 poetam
237 935 304 972 esse
323 935 414 986 ussum,
431 923 554 986 inprimis
570 923 721 988 diligenter
738 937 800 974 etum
819 922 1035 988 obscuravisse,
1052 925 1092 982 (e.
1111 923 1151 980 3.)
1170 921 1234 985 quid
1253 926 1332 972 esset

106 1017 239 1070 sacrum,
258 1005 322 1067 qnid
341 1009 500 1074 profanum,
517 1008 580 1071 quid
597 1013 740 1074 sanetum,
757 1008 822 1071 quid
841 1008 1021 1072 religiosum,
1054 1009 1095 1066 (e.
1113 1005 1153 1066 4.)
1171 1005 1235 1070 quid
1253 1010 1333 1058 esset

108 1088 265 1154 delubrum,
284 1090 346 1153 quid
364 1091 401 1140 dii
415 1092 547 1157 Penates,
564 1095 604 1152 (e.
622 1096 663 1154 b.)
679 1092 779 1155 quibus
797 1092 852 1142 diis
869 1104 940 1156 quae
958 1090 1068 1142 bustiae
1089 1095 1189 1140 essent
1205 1094 1333 1141 mactan-

110 1172 180 1238 dae,
209 1185 322 1238 eumque
342 1177 512 1230 Mezentium
532 1175 639 1228 dixisse
663 1182 863 1242 contemptorem
882 1174 1002 1234 deorum,
1030 1177 1125 1240 „quod
1148 1174 1260 1226 dielnos
1276 1175 1332 1226 sibi

110 1257 256 1320 exegisset
274 1257 424 1310 bonores.“
473 1263 516 1312 lix
533 1260 673 1324 Apollinis
691 1260 766 1310 Delii
783 1264 813 1309 et
830 1257 962 1309 llerculis
979 1258 1106 1308 Victoris
1124 1259 1216 1310 sacris
1233 1264 1273 1320 (e.
1290 1259 1331 1318 ti.)

109 1342 234 1392 ostendit
252 1343 399 1406 Virgilium
423 1347 477 1395 tam
501 1349 680 1396 externorum
706 1357 786 1408 quam
805 1345 992 1394 Romanorum
1014 1353 1161 1392 sacrorum
1178 1343 1333 1405 111111111-

105 1425 202 1491 ritum,
216 1426 366 1492 adiicitque
386 1430 480 1490 (1.7.)
497 1431 583 1480 multa
600 1442 672 1491 quae
686 1427 837 1492 legentium
857 1427 960 1490 vulgus
977 1428 1138 1486 praetereat
1154 1425 1334 1490 1111111111-

106 1509 182 1578 lium,
194 1524 248 1561 non
272 1525 371 1563 cerere
396 1526 483 1563 sensu
503 1514 659 1578 profundo,
693 1515 732 1572 (e.
751 1511 792 1569 8.)
817 1511 850 1559 ab
872 1508 1009 1572 imperitis
1028 1509 1164 1560 nonnullo
1183 1521 1249 1559 esse
1268 1522 1333 1562 eor-

107 1599 206 1662 rupta,
239 1601 268 1646 et
291 1597 431 1647 vocabula
450 1609 468 1646 a
488 1596 608 1660 Virgilio
632 1608 698 1644 esse
722 1598 859 1656 usurpata
876 1592 1004 1656 proprie,
1036 1592 1083 1643 ubl
1100 1606 1156 1643 uon
1173 1593 1332 1660 videantur,

112 1683 150 1737 tc.
176 1680 215 1739 9.)
247 1680 522 1744 vetustissimamque
548 1693 608 1732 eum
630 1678 830 1730 observavisse
855 1690 957 1728 morem
979 1679 1167 1728 Romanorum
1195 1679 1333 1729 evocandi

114 1773 148 1810 ex
165 1763 279 1813 urbibus
297 1763 492 1826 oppugnandis
510 1765 593 1829 deos,
630 1777 685 1829 qua
702 1763 730 1813 iu
748 1775 780 1813 re
805 1761 928 1812 dormint
948 1762 1057 1824 profert
1080 1761 1179 1824 quibus
1205 1762 1262 1812 sint
1279 1761 1331 1814 usi.

114 1845 201 1894 Vettii
219 1846 407 1908 disputatione
425 1844 502 1898 finita
520 1849 722 1912 Euangelus
740 1852 798 1906 (ee.
817 1844 933 1905 111-12.)
953 1845 1050 1896 obiicit
1067 1847 1200 1908 quaedam
1219 1846 1247 1896 ln
1270 1846 1333 1910 qui-

116 1929 165 1978 bus
184 1929 321 1993 Virgilius
345 1929 517 1981 inseientiam
535 1945 627 1982 rerum
649 1945 794 1982 sacrarum
815 1931 934 1993 prodere
957 1930 1011 1981 sibi
1033 1929 1179 1996 videatur,
1205 1931 1332 1994 adquae

112 2015 264 2076 respondet
286 2014 433 2064 Vettius.
482 2016 582 2066 Ultimo
604 2022 695 2066 tamea
721 2015 844 2066 obiectio
870 2015 1041 2066 refutatione
1064 2019 1159 2080 earet,
1192 2015 1265 2082 uude
1286 2015 1332 2066 nio

113 2109 221 2159 quoque
240 2097 381 2148 excidisse
403 2101 534 2162 quaedam
554 2107 678 2162 apparet.

178 2183 257 2240 Quae
274 2184 576 2248 sequuntur(c.18.),
609 2198 643 2235 ea
661 2185 801 2248 pertinent
818 2184 852 2233 ad
870 2196 1015 2234 sermones
1035 2182 1109 2233 inter
1132 2182 1236 2246 pocula
1255 2182 1333 2232 babi-

113 2266 164 2314 tos.
200 2266 336 2330 Loquitur
358 2271 403 2326 (ut
426 2274 543 2330 apparet
565 2281 599 2316 ex
623 2282 684 2330 cap.
701 2269 759 2328 14.)
784 2267 940 2318 Caecina
960 2265 1124 2329 Albinus,
1159 2266 1275 2329 agitque
1298 2267 1333 2316 tie

111 2349 219 2400 luxuria
238 2351 270 2410 Q.
288 2352 436 2417 ilerenuii‚
460 2352 541 2402 Fabii
562 2353 704 2417 Gurgitis,
720 2351 828 2401 Metelli
846 2339 904 2414 Pii',
924 2350 1032 2400 bletelli
1049 2345 1196 2398 Puntifieis
1215 2348 1333 2412 maximi,

41 2438 45 2446 “
113 2433 190 2484 euius
208 2447 325 2484 coenam
340 2432 529 2497 pontificalem
549 2437 673 2500 exponit,
690 2441 719 2484 et
733 2435 838 2484 aetatis
857 2433 923 2483 Titii
942 2437 1026 2493 atque
1041 2427 1193 2494 Varronis,
1212 2431 1333 2495 dicitque

114 2530 144 2567 se
164 2519 348 2581 respondisse
373 2521 468 2567 lluru
492 2519 616 2579 ipsorum
640 2518 744 2568 aetatis
767 2515 927 2578 obiurgauit
951 2514 1098 2564 luxuriam.
1151 2513 1269 2565 subiicit
1294 2522 1332 2576 [c.

114 2601 167 2660 14.)
185 2601 316 2652 Furius
334 2601 485 2650 Albinus
507 2601 684 2650 saltationem
703 2613 759 2649 noa
778 2605 884 2661 turpem
902 2598 990 2649 tuisse
1005 2599 1076 2661 apud
1096 2600 1218 2665 veteres,
1237 2606 1335 2652 asten·

116 2685 206 2748 diique
228 2690 267 2744 [c.
283 2683 350 2746 11),
366 2687 470 2745 quanto
490 2683 517 2734 ln
533 2685 624 2747 pretio
643 2685 714 2747 apud
734 2697 786 2735 eos
805 2683 908 2733 tuerint
925 2683 1029 2747 pisces,
1046 2681 1172 2746 inpriniis
1190 2696 1333 2752 murraena,

118 2771 155 2826 (e.
174 2767 230 2831 16.)
255 2766 404 2828 acipenser
428 2769 527 2818 mullus
552 2781 652 2820 scarus
676 2770 767 2831 lupus.
803 2767 917 2817 Transit
943 2767 1041 2817 deinde
1059 2773 1098 2827 (e.
1118 2768 1175 2826 17.)
1193 2771 1227 2818 ad
1251 2771 1332 2835 leges

120 2855 214 2902 eontra
233 2851 369 2901 ltsxuriam
386 2852 474 2918 latas,
497 2855 540 2902 vel
559 2855 594 2903 ab
614 2855 749 2918 Antonio,
769 2853 850 2902 euius
868 2856 950 2914 atque
970 2835 1137 2915 Cleopatrae
1156 2857 1236 2903 notat
1250 2855 1334 2906 iuxu-

117 2933 191 2986 riam.
230 2937 272 2986 Eo
296 2937 384 2986 adbuc
408 2935 654 2997 discuterent.)
677 2938 759 2988 illata
783 2936 900 2987 bellaria
922 2939 1113 2999 symmachum
1139 2937 1281 2988 adducunt
1301 2943 1333 2990 ut

118 3019 268 3072 Servium
286 3021 444 3084 interroget
462 3022 495 3071 de
514 3021 601 3072 variis
619 3026 720 3072 nucum
739 3021 908 3086 nominibus,
933 3034 1004 3084 quae
1020 3021 1069 3070 lile
1087 3026 1232 3071 enumerat
1248 3026 1332 3085 atque

117 3105 247 3170 explicat,
278 3105 407 3168 additque
425 3111 464 3166 (e.
481 3107 537 3165 te.)
554 3105 689 3158 malorum
711 3110 741 3156 et
761 3106 898 3172 pirorum,
929 3104 1043 3166 (1.20.)
1066 3101 1185 3154 ficorum
1207 3107 1332 3157 olearum

117 3199 281 3252 uvarumque
300 3202 416 3253 genera.
452 3191 577 3254 Denique
596 3192 797 3242 Praetextatus
815 3195 910 3240 munet
933 3193 965 3241 ut
982 3189 1141 3254 discedant,
1176 3189 1221 3239 die
1240 3195 1333 3240 autem

118 3273 235 3325 crastino
258 3273 450 3337 Symmachi
466 3274 572 3324 domum
599 3277 769 3325 conveniant
787 3286 904 3338 eumque
925 3274 1054 3338 audiant,
1087 3273 1134 3335 qui
1154 3274 1266 3324 videtur
1290 3273 1333 3333 [in

118 3355 150 3406 iis
173 3372 242 3420 quae
262 3364 326 3420 post
347 3371 408 3420 cap.
427 3357 476 3407 12.Ι
493 3357 725 3424 interciderunt),
755 3364 786 3409 ut
801 3359 957 3410 Flavianus
978 3357 1007 3406 in
1024 3356 1096 3406 libro
1114 3356 1151 3419 l.,
1185 3351 1333 3420 autequam

118 3439 179 3492 itum
195 3449 238 3494 est
258 3443 294 3493 ad
313 3434 514 3508 coenam‚'ep
534 3441 722 3506 inposterum
740 3444 811 3493 diem
828 3445 863 3494 ed
881 3455 914 3492 se
931 3440 1078 3490 invitasse.

178 3527 217 3578 De
245 3527 367 3590 primis
386 3528 516 3577 duabus
539 3527 640 3578 habitis
660 3529 714 3578 die
737 3528 846 3578 tertio
867 3521 1102 3587 disputationibus
1122 3521 1205 3573 1111111
1228 3529 1333 3578 tantum

121 3606 250 3662 inlibra
277 3617 401 3673 quarto
425 3611 506 3660 nobis
525 3611 626 3663 relicta
645 3616 784 3674 estpars.
837 3609 1074 3674 symmaobus,
1109 3619 1189 3670 quem
1210 3611 1263 3660 boe
1288 3611 1333 3661 die

122 3694 223 3753 primurn
250 3697 411 3745 locuturum
434 3707 500 3745 esse
524 3695 611 3758 pridie
633 3696 702 3746 dixit
723 3696 939 3759 Praetextatus,
970 3692 1012 3759 (l,
1036 3691 1161 3759 tt,1t.)
1183 3697 1335 3759 spopondit

124 3777 340 3839 „violentissima
360 3779 474 3828 inuenta
493 3781 538 3829 vel
558 3793 644 3830 sensa
660 3776 820 3830 rhetoricae
838 3779 866 3829 in
886 3779 1045 3844 Virgiliano
1062 3791 1095 3827 se
1115 3791 1201 3841 opere
1220 3782 1335 3828 demon-

123 3861 294 3928 straturum“,
310 3867 400 3914 liase
409 3863 475 3930 blo,
493 3877 571 3926 quem
590 3869 655 3927 post
667 3878 729 3916 eum
747 3863 937 3927 disputavisse
958 3866 1073 3927 apparet
1086 3876 1122 3912 ex
1134 3862 1198 3913 librl
1209 3863 1245 3912 V.
1256 3862 1334 3922 prin-

123 3939 199 4012 alplo,
215 3946 310 4012 (ibid.)
327 3947 396 3996 dixit
413 3959 446 3998 se
464 3960 540 4011 „aon
555 3947 716 4012 praeripere
734 3949 768 4000 de
787 3950 914 4000 oratoria
931 3947 1161 4011 apudVirgllium
1178 3946 1240 3993 arte
1258 3948 1335 3996 trae·

125 4027 226 4081 tatnmt‘
273 4033 330 4082 sex
359 4031 453 4094 capita
491 4045 561 4095 quae
592 4039 745 4097 supersunt
777 4034 812 4084 ad
844 4030 963 4084 allectus
995 4031 1135 4094 pertinent
1170 4029 1333 4080 movendus.

125 4109 262 4169 Quaeritur
288 4115 391 4183 igitur,
421 4115 510 4167 utrius
536 4116 593 4177 sipt
616 4117 824 4182 disputationis.
859 4117 990 4180 Equidem
1012 4110 1126 4163 collatis
1143 4109 1179 4159 lis
1204 4125 1275 4174 quae
1293 4115 1335 4166 le-

128 4201 218 4256 guntur
233 4202 279 4252 lib.
299 4200 369 4266 vll,
392 4211 452 4263 cap.
470 4203 500 4267 b',
519 4199 531 4265 5
550 4201 591 4251 tn
629 4201 677 4254 11111
695 4207 765 4254 enirn
782 4201 912 4252 riderico
925 4196 1044 4264 prolusio
1059 4196 1290 4248 commentatores
1305 4201 1334 4250 in

129 4283 244 4335 anamais
258 4292 361 4352 portem
379 4285 588 4338 incentorum
607 4286 784 4337 alternatione
801 4290 925 4335 tractare.
940 4293 946 4302 ’
964 4279 1019 4329 Sed
1034 4277 1097 4346 quia
1113 4279 1226 4342 facilius
1250 4283 1334 4337 Grue-

133 4375 208 4414 ooram
224 4367 414 4421 incentionibus
432 4385 450 4420 a
472 4369 580 4421 Graecia
591 4371 666 4434 forta
685 4370 748 4419 niiis
769 4365 856 4416 reluta
873 4361 1040 4428 respondent,
1058 4370 1092 4429 te,
1113 4365 1248 4427 eustatii,
1272 4385 1333 4419 oru-

133 4455 292 4518 1111111111,
325 4459 355 4506 at
373 4469 472 4505 sensa
494 4459 523 4506 tt
544 4453 682 4504 inuenta
702 4449 804 4501 11111ιὶ1
821 4447 961 4499 contrariis
984 4449 1134 4521 sepeliendo
1157 4453 1185 4504 in
1200 4453 1333 4519 integrant
