2950 4992
142 108 186 173 to
623 97 832 168 Maenoba

143 275 248 343 mitas:
287 271 381 358 igitur
402 270 532 358 sphaera
555 269 667 335 Martia
688 269 769 354 ignis
792 266 956 342 habeatur,
985 269 1159 349 acrioris,
1189 271 1315 340 Saturni

144 382 233 460 aqua,
255 366 337 424 terra
358 378 432 422 vero
454 351 610 438 ἀπλανὴς,
632 354 664 419 in
685 375 746 440 qua
766 353 886 438 Elysios
907 374 973 418 csse
994 374 1119 439 campos
1142 357 1229 441 puris
1251 359 1316 424 ani·

114 457 203 523 nmis
230 444 394 531 deputatos
422 441 589 527 antiquitas
618 440 706 504 nobis
737 438 976 523 intellegendum
1005 438 1140 525 reliquit.
1189 443 1238 507 De
1268 443 1316 510 bis

145 530 259 615 campis
281 530 397 605 anima,
433 547 503 592 cum
525 526 556 590 in
586 546 697 610 corpus
725 524 892 600 emittitur,
929 543 984 607 per
1004 531 1067 588 tres
1089 525 1315 594 clementorum

145 616 270 680 ordines
292 613 373 679 trina
395 620 496 676 morte
520 610 560 675 ad
582 631 693 695 corpus
718 630 818 694 usque
845 607 1010 674 descendit
1052 609 1134 674 llaec
1162 622 1210 676 est
1236 612 1317 679 inter

145 700 321 765 Platonicos
342 697 381 762 de
403 705 502 761 morto
524 696 658 771 animae,
695 715 766 758 cum
794 693 826 756 in
856 713 968 778 corpus
995 693 1143 772 truditur,
1181 699 1316 770 secunda

98 784 308 856 losantentia.
349 781 411 847 Alii
434 802 505 846 vero
525 788 611 859 (nam
631 786 694 843 tres
713 799 780 842 esse
801 778 882 843 inter
900 800 953 844 eos
975 779 1193 844 sententiarum
1216 781 1316 848 diver-

146 871 252 936 sitates
272 875 344 934 ante
358 865 559 950 signavimus)
580 861 704 926 induas
723 861 851 1010 puidam
868 870 900 928 et
916 861 974 949 ipsi
999 870 1110 948 partes,
1129 863 1208 930 sicut
1224 865 1315 952 primi

146 955 271 1030 iaciunt,
291 950 345 1015 sed
365 970 427 1013 non
448 947 544 1012 isdem
565 946 705 1012 terminis
746 946 865 1012 ividunt
882 947 1044 1012 mundum.
1087 948 1128 1013 Hi
1146 950 1226 1014 enim
1247 973 1314 1017 oae-

146 1041 212 1104 lum
234 1035 316 1120 quod
338 1028 483 1116 ἆπλανὴς
503 1033 633 1118 sphaera
654 1029 805 1097 vocitatur
826 1039 944 1117 partem
966 1053 1076 1110 unam,
1106 1042 1224 1118 septem
1243 1057 1315 1102 vero

147 1121 291 1206 sphaeras
319 1138 398 1204 quae
425 1138 519 1202 vagae
541 1123 688 1182 vocantur
714 1125 746 1182 et
772 1117 856 1202 quod
879 1117 959 1181 inter
986 1117 1053 1182 illas
1078 1137 1113 1182 ac
1137 1119 1249 1184 terram
1271 1130 1318 1188 est

99 1210 324 1288 literramque
345 1203 442 1287 ipsam
462 1202 589 1267 alteram
614 1208 732 1287 partem
756 1223 822 1266 esse
847 1202 1021 1268 voluerunt
1064 1201 1241 1270 Secundum
1263 1204 1320 1272 hos

149 1310 238 1374 ergo,
265 1308 398 1374 quorum
420 1295 521 1352 sectae
539 1286 691 1354 amicitior
712 1294 760 1350 est
786 1286 877 1364 ratio,
898 1287 1022 1355 animae
1042 1287 1152 1354 beatae
1174 1289 1212 1354 ab
1235 1291 1320 1356 omni

149 1375 369 1458 cuiuscumque
389 1373 572 1458 contagione
594 1371 732 1456 corporis
752 1371 866 1436 liberae
894 1372 1012 1438 caelum
1037 1374 1210 1457 possident,
1240 1397 1320 1462 quae

149 1479 223 1525 vero
249 1458 456 1542 appetentiam
485 1479 537 1522 cor
559 1457 622 1522 oris
648 1465 680 1522 et
707 1456 800 1522 buius
826 1478 919 1542 quam
946 1457 977 1521 in
1000 1457 1090 1522 terris
1113 1459 1203 1524 vitam
1232 1481 1320 1526 voca·

148 1564 219 1608 mus
240 1543 279 1607 ab
298 1542 350 1606 illa
371 1543 495 1628 specula
519 1480 665 1607 allissima
689 1548 721 1606 et
743 1552 890 1626 perpetua
913 1543 982 1608 luce
1010 1543 1180 1627 despiciens
1200 1543 1319 1610 deside-

149 1628 197 1694 rio
218 1627 325 1692 latenti
345 1627 530 1712 cogitaverit,
551 1627 686 1714 pondere
707 1626 775 1711 ipso
796 1635 938 1692 terrenae
957 1628 1149 1713 cogitationis
1170 1630 1317 1714 paulatim

101 1715 141 1779 12
150 1714 183 1777 in
209 1711 353 1777 interiora
379 1713 539 1778 delabitur.
586 1713 651 1778 Neo
676 1711 780 1776 subito
802 1733 820 1776 a
842 1712 976 1796 perlecta
1003 1713 1251 1798 incorporalitate
1273 1716 1319 1782 lu-

150 1806 236 1863 teum
257 1817 368 1894 corpus
396 1797 550 1874 induitur,
588 1796 642 1861 sed
664 1795 778 1860 sensim
802 1817 857 1882 per
877 1799 967 1862 tacita
993 1797 1177 1864 detrimenta
1202 1808 1234 1865 et
1254 1801 1321 1865 lon-

151 1883 267 1968 giorem
291 1881 437 1966 simplicis
458 1890 489 1947 ct
509 1880 753 1948 absolutissimae
776 1881 918 1979 puritatis
937 1903 1092 1948 recessum
1119 1883 1150 1948 in
1170 1885 1322 1970 quaedam

152 1966 263 2032 siderei
285 1967 422 2051 corporis
445 1968 638 2032 incrementa'
652 1972 815 2050 turgescit:
856 1967 888 2030 in
917 1965 1045 2051 singulis
1073 1969 1158 2032 enim
1182 1971 1323 2055 sphaeris

152 2073 232 2138 quae
252 2052 336 2116 caelo
360 2051 515 2118 subiectae
536 2059 609 2118 sunt
635 2051 771 2116 aetheria
794 2051 993 2117 obvolutione
1020 2052 1165 2132 vestitur,
1201 2062 1238 2120 ut
1264 2077 1323 2142 per

218 2221 289 2273 Mes·
311 2221 608 2284 erasmianam]

125 2351 128 2372 ,
151 2308 239 2374 etiam)
257 2307 288 2360 F.
307 2336 336 2346 —
355 2309 383 2358 in
402 2315 508 2360 terram
525 2307 669 2360 Batitas.
690 2334 723 2344 --
741 2307 767 2358 in
787 2323 838 2373 qna
855 2305 931 2366 (adel.
950 2320 968 2358 a
984 2323 1039 2358 sec.
1058 2311 1109 2368 m.)
1127 2305 1178 2358 Ra.
1196 2335 1231 2348 -
1246 2326 1321 2362 eam.

149 2393 205 2445 poe,
216 2393 270 2427 esse
288 2375 454 2427 EstthBrus.
473 2403 505 2414 -
524 2378 565 2428 art
581 2377 784 2442 intelligendum
801 2373 851 2424 Rl.
987 2379 1013 2426 9.
1048 2375 1122 2426 dam
1136 2375 1164 2425 in
1177 2393 1271 2443 eorpus
1289 2377 1321 2429 F.

152 2471 186 2482 -
196 2446 310 2495 secanda
326 2461 384 2495 eum
401 2445 429 2495 ia
444 2461 537 2512 corpas
554 2445 671 2496 traditur
685 2443 715 2493 F.
846 2444 886 2491 10.
921 2441 989 2494 inter
1004 2459 1046 2494 eos
1062 2458 1116 2493 esse
1131 2456 1193 2509 mg.
1204 2471 1238 2482 -
1250 2445 1323 2514 ante]

152 2511 203 2576 tl.
213 2513 308 2578 -ipsi
325 2517 393 2572 (om.
404 2517 443 2572 et)
462 2513 544 2564 s-bP.
559 2539 584 2550 -
595 2518 687 2579 partes
704 2511 771 2560 sicat
787 2516 811 2560 et
827 2510 880 2576 ipsi
897 2509 949 2560 Rs.
960 2535 991 2548 -
1001 2527 1054 2560 nan
1069 2510 1192 2561 dividant
1211 2512 1326 2564 biedcan

151 2579 271 2630 terminis
286 2579 450 2630 lta—Hie
467 2581 535 2632 enim
553 2597 621 2632 ι-
632 2579 687 2644 qni
704 2578 815 2644 aplanes
833 2584 901 2638 (om.
916 2578 1030 2638 caetum)
1049 2575 1083 2628 B.
1100 2605 1121 2614 -
1139 2578 1253 2646 sphaera
1271 2597 1325 2634 om.

153 2645 184 2698 ta.
203 2671 237 2683 -
259 2647 398 2698 vocitetur
414 2648 551 2698 Pareae.
573 2673 608 2684 -
631 2648 743 2697 alteram
762 2661 815 2695 om.
833 2643 864 2694 L.
1021 2649 1061 2695 ll.
1097 2645 1144 2697 tros
1161 2647 1270 2715 igitar
1293 2648 1323 2700 S.

152 2738 187 2750 —
209 2713 340 2762 amicitior
362 2713 476 2765 BSle.
515 2713 657 2766 amicicias
679 2714 722 2764 Ra
745 2711 824 2777 (Fur
850 2711 905 2762 tel.
925 2711 973 2774 ci).
1013 2713 1136 2764 amicior
1160 2715 1324 2767 v3·bPBrra.

153 2779 213 2830 Via.
232 2777 382 2829 Forccllin.
404 2782 458 2831 lex.
475 2797 498 2831 s.
513 2797 539 2832 v.
555 2782 663 2832 amicas.
680 2806 714 2817 —
731 2781 864 2845 cuiusque
880 2777 974 2828 Lssnn.
993 2805 1026 2817 -
1042 2781 1070 2830 in
1087 2789 1162 2832 terra
1177 2779 1208 2832 L.
1228 2809 1255 2821 -
1273 2791 1326 2836 ter-

152 2861 233 2896 renae
252 2845 422 2912 cogitationis
439 2864 493 2898 orn.
513 2848 584 2901 Bae.
619 2855 680 2900 terr.
698 2847 887 2914 contagionis
904 2846 973 2896 RlG
993 2846 1036 2911 (in
1057 2847 1079 2898 Β
1098 2848 1205 2914 legitur
1222 2849 1249 2900 in
1267 2868 1294 2902 sn
1318 2887 1325 2902 .

155 2928 245 2965 asec.
264 2916 314 2972 m.)
337 2913 408 2976 „ma
431 2930 520 2966 resec.
540 2917 597 2966 m.“
754 2918 791 2964 12.
828 2932 845 2964 a
858 2916 987 2982 ‘perfecta
1008 2869 1326 2984 arser-gbsssnssani.

77 3028 81 3037 ,
153 2980 395 3046 ‚‚sceipti“Gran·
429 2983 622 3048 tsacperfecta
640 2998 694 3033 s-z.
714 3009 738 3018 -
761 2982 861 3034 lateam
878 2998 971 3048 corpas
990 2997 1007 3032 a
1023 2986 1091 3049 pers.
1109 2985 1207 3064 incorp.
1225 2985 1275 3036 Re
1294 3013 1323 3026 -

154 3049 273 3100 aetheria
288 3047 415 3100 BFRlG.
435 3050 582 3103 aetherea
599 3049 808 3102 nautarum.
826 3077 860 3088 -
874 3049 1068 3103 subnotatione
1085 3067 1111 3104 v.
1130 3051 1323 3105 oblacione-tr.

154 3143 189 3154 ·-
207 3117 317 3168 sociati
336 3133 360 3168 r.

153 3282 221 3336 pera
237 3275 309 3320 terra
326 3267 395 3319 coelo
413 3267 533 3336 marique
544 3287 615 3321 anno
631 3269 716 3322 incre-
764 3267 850 3335 poris:
869 3270 898 3318 at
914 3264 1038 3318 amnium
1057 3268 1194 3322 librorum
1210 3289 1327 3324 consen-

154 3339 249 3389 mantis
264 3344 448 3404 consequenter
462 3339 568 3407 augeri,
582 3355 653 3388 nanc
668 3339 715 3389 da·
766 3353 815 3386 eus
838 3334 945 3396 obstat,
979 3345 1009 3387 et
1036 3343 1129 3404 potest
1157 3355 1225 3392 suno
1254 3341 1326 3394 illud

155 3406 289 3458 trementis
307 3407 475 3473 obsequenter
491 3407 612 3458 diminui.
766 3419 875 3471 qnoque
891 3401 969 3453 terri.

190 3477 215 3523 8.
254 3475 283 3524 in
305 3490 358 3539 qua
387 3475 494 3540 Elysios
516 3489 572 3525 esse
598 3472 715 3540 campos]
798 3471 931 3538 paulatim
965 3470 993 3521 ia
1024 3470 1154 3535 inferiora
1184 3474 1326 3542 delabitur]

156 3536 257 3599 „Maro
273 3540 307 3590 rle
326 3540 424 3606 Elysio
443 3541 594 3608 ntugnilice
615 3541 665 3591 lib.
683 3541 714 3590 V.
766 3537 825 3604 „Ad
844 3535 1056 3589 Pammachium
1073 3539 1104 3590 D.
1124 3541 1327 3610 Hieronymus:

156 3602 192 3669 [v.
209 3607 260 3653 733
277 3606 377 3672 seqq.]:
403 3609 462 3659 Non
479 3625 520 3659 me
536 3610 619 3675 impia
635 3625 714 3659 nam·
769 3607 840 3657 Dicit
862 3605 1005 3674 Origenes,
1024 3606 1130 3672 inquit,
1152 3619 1260 3663 cunctas
1278 3628 1327 3663 ra-

156 3687 207 3738 qae
231 3673 346 3722 'l'artara
368 3673 480 3736 babeat,
516 3677 635 3728 tristasse
655 3692 715 3725 am·
766 3675 879 3727 tionales
898 3681 1034 3726 creaturas
1050 3675 1228 3743 incorporales
1244 3686 1269 3730 et
1285 3681 1328 3730 in-

157 3739 234 3800 brae3
268 3739 314 3789 sert
337 3755 447 3791 amoena
469 3742 574 3808 piorum
597 3743 716 3794 Consilia
765 3742 895 3805 visibiles,
932 3741 956 3792 si
983 3741 1193 3811 negligentiores
1210 3747 1327 3813 suniat,

158 3807 360 3872 Elysiumque
379 3806 459 3866 colo„
480 3809 571 3858 atirer
588 3809 617 3859 in
637 3816 716 3860 sexto
764 3809 898 3876 paulatim
916 3809 951 3858 aal
967 3809 1096 3872 inferiora
1112 3812 1179 3875 tabi,
1208 3821 1233 3865 et
1250 3815 1329 3865 iusta

155 3874 298 3929 Martialis
323 3875 377 3940 [ep.
399 3873 454 3940 aa]
484 3875 506 3924 0
528 3892 607 3941 paam
631 3891 716 3944 paene
767 3878 911 3943 qualitates
929 3876 1042 3927 locorum
1063 3879 1099 3928 aal
1118 3895 1186 3947 qaae
1208 3880 1329 3947 defluunt

156 3943 206 3994 titi
236 3944 349 4012 Stygias
374 3958 424 4010 ego
448 3949 542 4008 raptus
565 3943 602 3993 art
629 3943 717 3993 uarias
767 3960 898 3996 assumere
914 3944 965 3994 siti
987 3961 1110 4012 corpora,
1145 3948 1218 3999 certi
1234 3950 1329 4018 gratia

159 4011 298 4077 Elysiae
309 4011 367 4061 ciali
384 4009 476 4060 nubila
491 4012 571 4075 fusca
582 4011 716 4078 plagae·“
765 4012 879 4078 primam
892 4011 1126 4074 aetberea,rleinde
1137 4032 1225 4066 aerea·
1249 4018 1329 4068 Cum-

155 4076 243 4131 Ponn.
276 4078 426 4145 Virgilium
438 4077 572 4129 statuisse
586 4079 658 4144 apud
674 4077 718 4128 in·
768 4095 817 4146 que
850 4079 887 4129 ad
917 4079 1006 4129 uicina
1035 4088 1123 4133 terrae
1150 4084 1328 4150 pervenerint,

156 4144 233 4198 teras
251 4165 313 4199 esse
330 4146 459 4212 Elysium
482 4147 575 4198 elucet
596 4163 629 4198 ox
649 4147 717 4198 Aea.
767 4145 937 4197 crassioribus
973 4149 1123 4214 corporibus
1158 4151 1329 4216 circumdari,

156 4211 483 4280 lin.t⁷1‚v.6srseqq.
766 4214 907 4266 nouissime
942 4211 1066 4268 bremonis
1102 4219 1224 4270 carnibus
1262 4220 1328 4271 alli-

193 4283 233 4329 ll.
269 4283 302 4331 ab
325 4285 396 4332 omni
423 4284 602 4346 cuineeunqae
623 4289 716 4334 canta·
767 4282 861 4350 gari.“
892 4279 980 4331 Pons.
1129 4285 1135 4292 '

156 4346 238 4409 gione
261 4350 377 4412 corporis
401 4348 507 4416 liberae]
540 4347 659 4414 Propter
683 4366 717 4401 ea
803 4351 843 4398 12·
891 4365 908 4398 a
940 4350 1061 4413 perfecta
1100 4350 1328 4419 incorporalitate]

157 4424 230 4470 quac
254 4412 380 4472 proximo
408 4422 563 4478 sequuntur
590 4417 716 4478 mallem,
767 4414 848 4464 lianc
883 4412 1053 4478 scripturam
1090 4425 1167 4470 recte
1204 4419 1331 4472 detenuit

158 4475 190 4522 ut
207 4487 231 4520 c.
246 4478 273 4536 8,
290 4475 352 4538 58,
370 4478 467 4544 legere
485 4483 647 4550 cogitatione
659 4499 717 4536 eor-
768 4481 854 4532 Gron-
891 4479 1041 4546 Significat
1059 4483 1134 4537 enim
1156 4487 1330 4554 praepositio
