2950 4992
223 160 285 227 140
701 156 911 227 Macaouu

174 332 337 397 limetras
366 328 479 395 dieitur
504 327 552 393 bis
574 326 646 393 bina
673 326 721 393 bis
746 350 859 415 corpus
888 350 955 395 esse
983 330 1043 394 iam
1070 329 1212 396 solidum.
1265 330 1351 415 Ergo
1382 350 1402 397 a

222 418 287 519 pari
309 436 440 481 numero
466 413 599 479 accessio
617 433 718 499 usque
742 415 780 479 ad
805 423 876 481 octo
897 414 1033 481 soliditas
1060 423 1107 479 est
1129 415 1283 501 corporis:
1325 417 1401 481 ideo

222 512 305 569 mter
326 501 474 588 principia
495 498 567 563 hnic
588 520 718 564 numero
741 500 963 586 plenitudinem
982 501 1148 586 deputavit
1192 503 1283 567 Nunc
1302 522 1401 586 opor·

223 597 269 655 tet
288 608 327 652 ex
350 586 448 672 inpari
470 604 597 670 quoqne
618 606 750 651 numero
771 586 1031 672 quemadmodum
1061 587 1141 651 idem
1166 586 1319 651 efficiatur
1348 588 1399 651 in-

173 673 349 758 lispicere.
396 672 439 736 Et
465 670 537 756 quia
562 678 626 734 tam
652 670 734 755 paris
759 692 851 769 quam
881 672 995 756 inparis
1023 672 1143 737 numeri
1171 692 1278 739 monas
1304 672 1398 757 origo

221 766 278 836 est,
297 756 452 823 ternarius
469 776 618 821 numerus
632 756 737 904 prima
760 758 840 821 lmea
859 778 926 823 esse
946 757 1097 823 credatur.
1139 758 1198 823 Hic
1219 758 1398 843 triplicatus

220 843 422 911 novenarium
446 862 610 906 numerum
643 842 717 906 acit:
759 843 865 928 quiet
887 843 952 928 ipse
974 844 1062 928 quasi
1090 842 1128 908 de
1155 843 1274 909 duabus
1299 843 1397 909 lineis

219 932 347 1028 longum
366 928 525 1012 latumque
547 946 660 1012 corpus
682 926 790 1003 elficit,
820 928 899 993 sicut
917 929 1149 1014 quaternarius,
1178 928 1327 993 secundus
1349 929 1397 993 de

219 1016 360 1103 pambus,
381 1012 489 1078 allicit:
528 1012 601 1079 item
622 1014 807 1079 novenarius
827 1014 998 1098 triplicatus
1019 1014 1140 1079 tertiam
1164 1014 1395 1079 dimensionem

218 1107 363 1187 praestat
404 1100 447 1165 Et
466 1099 508 1163 ita
532 1118 548 1163 a
568 1106 656 1184 parte
677 1097 792 1183 inparis
816 1100 936 1164 numeri
959 1100 990 1164 in
1011 1100 1117 1184 viginti
1140 1108 1274 1185 septem,
1308 1120 1394 1185 quae

220 1194 294 1251 sunt
311 1193 359 1251 ter
377 1192 466 1249 terna
485 1193 542 1260 ter,
563 1183 696 1250 solidum
716 1204 828 1270 eorpus
851 1184 997 1251 ellicitur:
1019 1186 1099 1251 sicut
1118 1184 1150 1249 in
1173 1206 1302 1250 numero
1321 1186 1393 1270 pari

171 1272 267 1337 lanis
287 1271 358 1336 bina
381 1271 437 1348 bis,
459 1269 514 1355 qui
534 1277 582 1335 est
601 1270 787 1347 octonarius,
807 1270 990 1336 soliditatem
1013 1271 1135 1336 creavit.
1177 1272 1262 1355 Ergo
1284 1271 1323 1335 ad
1344 1271 1391 1333 el-

168 1356 405 1445 [rsoJlicicndum
434 1355 600 1441 utrobique
628 1355 762 1421 solidum
789 1376 902 1440 corpus
934 1377 1041 1421 monas
1073 1356 1244 1423 necessaria
1277 1365 1324 1431 est
1356 1364 1393 1421 et

218 1464 273 1509 sex
291 1443 342 1507 alii
363 1441 501 1520 numeri,
520 1442 552 1505 id
571 1447 619 1507 est
637 1441 718 1507 terni
738 1462 756 1505 a
778 1440 843 1525 pari
863 1450 895 1507 et
914 1441 1027 1525 inpari:
1055 1462 1072 1506 a
1091 1442 1156 1527 pari
1178 1442 1302 1527 quidem
1325 1441 1391 1506 duo

169 1529 209 1593 14
219 1537 366 1615 quattuor
386 1535 473 1604 octo,
511 1526 550 1591 ab
571 1526 669 1610 inpari
692 1534 795 1591 antem
815 1526 874 1591 tria
897 1548 1006 1592 norem
1029 1527 1135 1613 viginti
1157 1534 1285 1612 septem.
1335 1527 1390 1591 Ti-

188 1672 193 1681 .
218 1636 325 1679 maeus
343 1614 437 1698 igitur
458 1612 594 1678 Platonis
617 1611 648 1675 in
671 1610 847 1677 fabricanda
868 1612 974 1679 mundi
999 1613 1100 1678 anima
1124 1614 1287 1679 consilium
1309 1613 1389 1679 divi-

216 1699 321 1767 nitatis
341 1699 505 1765 enuntians
525 1698 568 1764 ait
590 1697 671 1762 illam
692 1718 750 1783 per
769 1697 825 1762 laos
847 1720 992 1764 numeros
1012 1698 1105 1763 luisse
1126 1706 1311 1777 contextam,
1331 1699 1389 1783 qui

216 1794 250 1851 et
269 1807 286 1850 a
308 1786 373 1870 pari
396 1793 427 1851 et
446 1784 485 1848 ab
507 1783 605 1870 inpari
627 1783 757 1861 cubum,
781 1783 811 1849 id
834 1792 881 1849 est
903 1783 1122 1869 perfectionem
1144 1784 1319 1860 soliditatis,
1342 1784 1388 1849 el-

216 1871 337 1937 liciunt:
358 1893 421 1937 non
440 1869 511 1955 quia
531 1867 647 1954 aliquid
669 1868 856 1967 significaret
876 1869 959 1934 illam
982 1869 1095 1935 habere
1116 1891 1308 1956 corporeum,
1330 1869 1385 1934 sed

214 1964 251 2023 ut
277 1957 374 2042 possit
398 1955 629 2021 universitatem
658 1954 824 2019 animando
856 1963 1018 2040 penetrare
1050 1964 1081 2020 et
1111 1955 1217 2020 mundi
1250 1955 1387 2021 solidum

169 2040 327 2128 ldcorpus
346 2040 476 2127 inplere,
496 2061 553 2126 per
573 2060 718 2105 numeros
740 2038 900 2105 soliditatis
922 2042 1029 2104 effecta
1048 2046 1102 2103 est
1145 2041 1235 2104 Nune
1256 2038 1295 2103 ad
1316 2040 1387 2124 ipsa

215 2128 352 2194 Platonis
378 2126 471 2193 rerba
498 2125 665 2192 veniamus.
708 2127 878 2191 Nemeum
902 2123 1020 2188 dedeo
1045 2123 1178 2187 animam
1208 2124 1315 2187 mundi
1338 2125 1386 2187 sa-

215 2214 352 2280 brioante
375 2214 569 2299 loqueretur,
589 2211 646 2277 ait:
686 2211 822 2277 Primam
842 2232 881 2274 cc
901 2210 986 2273 omni
1002 2211 1144 2293 [ermom
1159 2218 1279 2294 partem
1296 2210 1385 2271 iulet:

280 2368 351 2419 Mes.
371 2365 597 2429 BGFSPR12G.]

213 2453 311 2507 dieitur
327 2453 401 2521 upnd
418 2458 645 2521 geometram-g.
799 2453 839 2501 Π.
874 2448 996 2515 ideoque
1013 2443 1043 2495 C.
1059 2469 1092 2482 —-
1113 2444 1147 2495 iel
1167 2443 1300 2508 efficietur
1316 2459 1383 2509 v-g.

314 2525 354 2572 12.
391 2523 468 2590 origo
488 2529 526 2573 est
542 2537 634 2571 monne
652 2518 700 2569 Rl.
720 2546 755 2557 -
781 2519 835 2569 Hec
853 2522 927 2582 [serp.
945 2518 969 2575 s]
987 2514 1038 2565 Rl.
1056 2540 1088 2551 -
1105 2515 1177 2577 ,lecit
1193 2527 1330 2563 numerem
1349 2510 1383 2561 F.

212 2615 246 2627 —
269 2589 302 2640 de
322 2590 430 2641 decons
445 2589 593 2640 numeris
614 2593 689 2653 (sup.
710 2603 746 2637 ee
768 2587 870 2637 danius
888 2586 978 2643 lineis)
1000 2581 1028 2633 C.
1055 2608 1082 2618 -
1105 2582 1173 2632 sient
1192 2580 1382 2647 quaternarius

269 2659 350 2723 efficit
371 2675 426 2709 om.
444 2658 521 2723 sieg-
544 2685 579 2695 —
603 2656 748 2707 secundnm
771 2654 928 2705 che-lsPGl.
953 2678 988 2691 -
1008 2650 1111 2702 tertiam
1131 2649 1381 2699 dimensionem

89 2730 105 2747 ⁸
213 2726 328 2790 efficitur
347 2727 412 2777 edd.
430 2723 458 2775 in
476 2741 535 2790 mg·
555 2723 586 2773 (l.
613 2750 643 2761 -·
669 2724 771 2791 viginti
788 2729 884 2789 septem
910 2727 978 2780 (om.
998 2720 1039 2778 in)
1064 2717 1115 2767 Re.
1140 2744 1167 2754 -
1191 2716 1246 2783 qni
1263 2722 1325 2767 eunt
1342 2722 1382 2765 ter

212 2793 287 2843 terni
303 2800 343 2843 ter
365 2792 398 2845 F.
421 2820 450 2830 -
476 2809 569 2857 corpus
586 2792 697 2843 solidum
724 2790 775 2839 Rl.
799 2817 831 2826 -
854 2790 917 2839 dina
936 2790 975 2839 lie
997 2794 1066 2846 (orm
1084 2786 1135 2844 iis)
1156 2786 1185 2834 lr.
1338 2784 1381 2832 13.

212 2876 257 2911 ses
274 2864 342 2920 (om.
360 2868 385 2912 ct
401 2877 464 2912 com
481 2864 552 2919 res.)
571 2858 600 2909 0.
646 2858 700 2911 sed
717 2875 762 2908 sec
780 2856 809 2907 F.
854 2864 890 2909 nt
906 2873 950 2907 sca
967 2856 1016 2905 Ra.
1059 2853 1114 2905 sed
1134 2860 1158 2903 et
1176 2868 1219 2902 see
1237 2848 1380 2901 sannen.

212 2954 247 2967 -
263 2936 291 2981 et
307 2929 392 2979 terni
409 2928 441 2979 ab
458 2929 557 2994 imperi
575 2934 643 2989 (orn.
662 2931 764 2985 cutem)
783 2924 859 2975 ΠΗ.
1032 2925 1074 2972 14.
1109 2921 1138 2971 in
1156 2920 1265 2979 fabrico
1287 2918 1383 2968 mundi

212 2992 245 3047 Β.
264 3024 298 3034 -
316 3014 334 3047 a
348 2998 462 3065 parites·
478 2997 575 3061 imperi
592 2995 613 3045 C
629 3011 645 3047 a
664 3012 690 3061 p.
707 3011 745 3043 m·
782 2991 875 3059 upnri
890 2998 915 3041 et
932 2990 1030 3057 impari
1047 2994 1114 3049 (om.
1129 2988 1176 3048 al]
1196 2986 1316 3037 Cnseo.
1332 3002 1380 3048 rm,

213 3064 299 3132 v·gG.
317 3092 346 3102 -
373 3065 475 3130 cybum
491 3062 593 3113 FR2G.
620 3091 647 3099 -
670 3062 856 3129 perfectionem
875 3058 1056 3109 divinitatis
1075 3073 1100 3107 v.
1122 3084 1157 3095 -
1179 3071 1232 3105 non
1250 3054 1331 3121 quod
1348 3052 1381 3105 F.

213 3160 246 3169 -
261 3140 358 3199 posset
378 3132 457 3200 mgis.
476 3158 508 3169 -
530 3132 649 3182 animare
664 3137 741 3195 (sap.
760 3129 880 3195 implere)
902 3126 952 3176 Rl.
1105 3126 1146 3173 15.
1184 3121 1304 3173 Platonis
1322 3137 1381 3171 cer-

212 3197 256 3265 ia]
280 3198 355 3250 Tim.
379 3218 406 3267 p.
423 3204 465 3251 35.
495 3228 528 3237 -
548 3200 747 3265 firmamento
766 3196 856 3263 veagis
878 3200 909 3255 (c
929 3191 957 3243 in
976 3208 1032 3257 mg.
1047 3194 1202 3255 fermento).
1238 3189 1307 3253 „Ed
1324 3196 1381 3239 vel.

212 3266 369 3319 rectissime
387 3266 474 3319 hulset
484 3270 662 3332 firmamento.
697 3267 781 3318 Pluto
799 3261 889 3326 cuim,
914 3277 994 3325 quom
1015 3259 1061 3308 lrie
1080 3258 1192 3309 omnino
1211 3257 1382 3323 interpreta-

213 3340 258 3386 tur
277 3328 446 3397 Macrobius,
466 3334 553 3400 Μίαν,
572 3335 673 3401 inquit,
691 3327 786 3400 dapsile
802 3327 834 3383 ed
852 3328 962 3397 πρῶτον
982 3318 1038 3377 ἀπὸ
1055 3321 1160 3385 παντὸς
1172 3328 1285 3405 μοῖραν.
1319 3323 1381 3391 lgi-

212 3409 258 3456 tur
275 3403 347 3457 illud
365 3404 422 3457 πᾶν
437 3421 490 3457 non
504 3407 664 3469 fermentum
683 3400 840 3468 signifieat,
874 3398 945 3462 quod
966 3394 1110 3461 indignum
1130 3391 1300 3459 plrrlosoplro
1318 3397 1382 3443 erat

211 3472 424 3538 relinquendum
442 3472 596 3540 pistoribus
619 3487 652 3522 ee
670 3470 782 3536 coquis,
813 3465 1084 3531 sedfirmnmentnm,
1117 3461 1136 3511 h
1166 3478 1189 3511 e.
1209 3460 1382 3524 universum,

212 3540 331 3596 coslum.
366 3541 474 3593 Deinde
493 3558 543 3608 pro
558 3541 671 3608 primosi
695 3546 724 3589 et
742 3539 822 3606 leges
843 3532 959 3601 linguae
979 3539 1007 3584 el
1031 3532 1109 3583 locus
1126 3528 1252 3581 Platonis
1270 3527 1383 3579 videtur

246 3692 287 3739 m.
322 3691 457 3743 ternarios
476 3708 600 3743 numme
625 3692 714 3757 prime
735 3691 770 3741 n·-
821 3683 896 3737 duxi.
932 3683 1064 3735 Fortasse
1083 3679 1244 3733 Macrobius
1267 3677 1295 3730 in
1317 3677 1382 3731 eni·

211 3775 262 3809 nec
285 3773 340 3808 esse
362 3760 486 3809 credetur
513 3760 577 3824 etc]
610 3758 689 3809 llaec
714 3775 770 3809 non
821 3768 867 3805 mo
885 3751 985 3803 hebuit
1003 3750 1134 3801 effectam
1153 3755 1326 3817 perpetuum.

211 3832 268 3878 tem
287 3824 374 3878 iecile
392 3828 637 3877 accommodentur
656 3840 771 3891 geome-
858 3824 898 3872 15.
938 3836 969 3870 ec
993 3820 1063 3870 omni
1082 3818 1223 3883 fermento]
1253 3815 1272 3867 i.
1297 3832 1319 3867 e.
1344 3831 1380 3867 ex

211 3894 299 3947 tricae
319 3891 421 3946 rationi
439 3910 523 3960 qnam
541 3910 613 3959 quse
629 3894 642 3959 5
659 3898 676 3944 9
693 3910 769 3959 seqq.
821 3888 896 3941 omni
916 3903 1019 3939 mesen.
1054 3883 1381 3959 ct.0vid.mst.1‚so.2

211 3963 342 4015 dicuntur
360 3964 394 4013 de
414 3961 474 4028 pari
494 3976 617 4011 numero.
826 3959 904 4017 Cum,
939 3972 1007 4022 qnne
1022 3971 1114 4022 pressa
1137 3954 1184 4005 dic
1206 3969 1313 4004 moeso
1336 3952 1381 4002 la-

247 4034 287 4081 m.
325 4032 449 4082 Timaeus
462 4031 550 4099 igitur
569 4027 690 4081 Platonis
705 4028 770 4094 etc]
820 4034 894 4077 tuere
911 4024 957 4075 eui
973 4024 1037 4084 illa,
1059 4022 1155 4074 Sidera
1169 4027 1307 4087 coeperunt
1325 4026 1382 4072 toto

211 4097 257 4149 cl.
274 4098 340 4162 1,6,
359 4102 402 4151 46.
822 4094 1043 4158 effervescere
1060 4090 1141 4142 caclo.
1177 4089 1256 4155 Quod
1273 4087 1382 4153 legitur

244 4185 298 4219 non
310 4168 373 4234 quia
386 4203 410 4218 ..
424 4165 599 4236 significaret]
614 4162 769 4215 Dicendum
820 4160 849 4211 in
868 4159 1011 4212 veteribus
1027 4157 1193 4225 quibusdem
1210 4154 1383 4207 editionibus

210 4242 339 4286 eretnon
358 4254 429 4304 qno,
456 4242 486 4287 et
503 4241 649 4301 praeterea
668 4232 772 4299 aliquid
821 4234 849 4280 et
869 4227 1100 4293 comprobaturas
1119 4224 1238 4286 zaunio,
1261 4240 1292 4275 en
1310 4226 1383 4275 omni

210 4304 343 4367 corporei.
818 4297 1024 4361 firmamento,
1044 4294 1072 4345 id
1092 4291 1317 4359 comprobatione
1337 4291 1382 4341 di·

211 4376 275 4483 ali
291 4378 374 4485 ”last
392 4369 691 4504 praetaxatis?
709 4384 772 4484 lt:
820 4360 1382 4495 aausstandandattala

211 4500 773 4636 aasauttn'atda‘tls
821 4494 958 4630 lasau
975 4494 1050 4615 alat
1068 4494 1381 4617 drammatis:

372 4603 380 4616 ⁹
1051 4598 1061 4627 2
