2950 4992
211 170 276 237 244
695 162 904 231 Macaouu

214 358 282 404 rem
311 356 378 401 esso
406 332 574 420 praesentis
608 332 827 419 paenultimam
861 331 1056 398 observatum
1087 338 1144 397 est
1187 331 1252 399 Nec
1275 338 1387 397 tamen

215 422 369 506 reciproca
392 428 439 485 est
461 418 641 495 necessitas,
660 424 711 493 ut,
733 417 877 502 quotiens
897 416 999 483 brevis
1019 424 1066 481 est
1087 417 1275 501 paenultima
1293 439 1387 502 prae-

214 507 319 584 sentis,
340 509 372 569 E
391 512 462 569 ante
485 506 520 567 Ω
540 503 580 567 sit
600 502 630 567 in
650 500 771 568 luturo:
790 522 861 567 ecca
882 502 965 566 enim
986 503 1054 565 νοῶ
1074 498 1194 586 νοήσω,
1215 505 1303 588 φιλῶ
1327 528 1387 587 φι-

185 588 309 676 Ἰλὴσω.
370 584 509 655 Secunda
531 587 705 673 coniugatio
726 595 781 652 aut
803 588 842 650 H
862 594 933 651 ante
958 588 993 649 Ω
1015 586 1047 651 in
1069 585 1173 653 luturo
1195 588 1302 665 habet,
1348 596 1386 653 ut

213 672 301 742 ὀπτῶ
319 667 467 757 ὀπτήσωτ
494 680 547 738 aut
567 676 599 735 A
618 671 819 758 productum,
839 679 875 736 ut
893 667 1042 756 περάσωε
1068 679 1122 737 aut
1142 676 1174 735 A
1193 679 1386 757 correptum,

212 769 249 830 ut
270 756 404 843 γελάσω.
447 758 747 844 Deprehensumque
775 764 822 822 est
849 776 956 822 eornm
979 756 1154 822 lutnromm
1177 762 1208 820 A
1229 758 1262 823 in
1286 778 1386 843 paen·

212 847 321 913 ultima
346 844 474 933 produci
502 862 635 928 quorum
667 862 812 926 praesens
839 849 893 906 aut
920 842 1037 907 nnllam
1064 850 1284 908 consonantem
1306 851 1385 908 ante

163 934 271 1019 [εοογΩ
294 937 348 995 aut
368 932 399 991 P
418 928 527 1004 habet,
558 924 601 990 ἐῶ
624 923 724 1006 ἐάσω,
760 928 848 1011 περῶ
869 921 1017 1013 κεράσω,
1053 926 1084 991 in
1106 928 1293 993 contrarium
1314 949 1383 993 non

212 1016 361 1082 redeunte
391 1012 587 1089 necessitate,
622 1012 774 1111 siquidem
799 1012 868 1097 χρῶ
894 1007 1004 1097 χρήσω
1035 1010 1106 1077 lacit
1136 1021 1168 1078 et
1196 1010 1300 1096 ἐγγυο
1330 1010 1383 1095 ἐγ-

211 1097 337 1184 γοήσωε
376 1098 437 1163 illic
457 1118 531 1164 vero
558 1097 670 1183 corripr
693 1098 746 1163 ubi
772 1097 804 1161 in
827 1097 980 1183 praesenti
1003 1104 1075 1161 ante
1100 1100 1134 1161 Ω
1162 1100 1193 1160 A
1214 1097 1383 1172 invenitur,

212 1186 294 1269 γελῶ
314 1179 455 1266 γελάσω·
480 1182 536 1247 sed
555 1202 611 1247 nec
631 1183 663 1248 in
684 1181 744 1247 hoc
766 1182 842 1246 haec
861 1182 893 1246 in
913 1203 946 1249 se
969 1182 1133 1247 necessitas
1155 1183 1248 1260 redit,
1271 1185 1382 1247 κολλῶ

211 1266 367 1353 κολλήσω.
413 1264 564 1332 Πεινάοω
598 1275 700 1333 autem
731 1274 764 1332 et
789 1262 918 1344 διψάσω
942 1267 1055 1332 Dorica
1090 1275 1162 1333 sunt
1195 1290 1250 1353 per
1281 1268 1381 1333 solam

213 1356 349 1432 literam,
384 1375 445 1418 non
474 1353 566 1417 etiam
595 1372 650 1437 per
669 1361 846 1417 accentum:
888 1352 932 1418 illi
952 1352 1034 1417 enim
1055 1352 1087 1415 in
1109 1352 1194 1417 omni
1216 1353 1322 1419 luturo
1348 1355 1380 1420 in

183 1441 251 1509 8Ω
278 1440 436 1505 desinente
467 1438 605 1502 ultimam
636 1437 888 1503 circumflectunt.
931 1437 1035 1502 Tertia
1068 1445 1122 1502 aut
1153 1440 1188 1501 Ω
1218 1439 1251 1502 in
1285 1460 1381 1523 paen·

212 1524 321 1591 ultima
348 1523 442 1588 luturi
470 1521 564 1587 habet
590 1530 644 1587 aut
674 1524 720 1588 0.·
759 1520 888 1587 sedhic
915 1530 997 1587 certa
1024 1522 1179 1587 distinctio
1201 1531 1258 1588 est.
1300 1526 1380 1591 Nam

214 1611 307 1676 verba
328 1628 406 1695 quae
428 1607 594 1673 derivativa
617 1614 689 1673 sunt
713 1610 748 1671 Ω
771 1607 900 1684 habent,
926 1628 1004 1693 quae
1025 1628 1098 1673 vero
1121 1608 1299 1694 principalia
1323 1632 1381 1674 nec

214 1716 252 1759 ex
273 1695 333 1760 alio
354 1702 449 1759 tracta
474 1694 519 1758 0.·
547 1690 678 1773 τέκνον,
703 1695 806 1757 vexati
824 1688 991 1757 τεκνῶσω·
1025 1690 1201 1777 στέφανος,
1227 1697 1380 1776 στεφανῶ

214 1775 431 1863 crementiam:
465 1773 534 1860 ὀμῶ
556 1786 659 1843 autem
682 1774 790 1862 ὀμοῖς,
834 1778 885 1843 uia
907 1798 969 1843 non
991 1776 1161 1843 derivatum
1184 1786 1245 1857 est,
1268 1774 1380 1862 όμὸσω

184 1863 285 1931 9lacit
305 1871 337 1928 et
358 1859 427 1945 άρῶ
457 1860 550 1947 άροῖς
575 1859 693 1949 άρόσω.
736 1800 832 1948 Apud
849 1862 984 1928 Graecos
1007 1884 1069 1927 non
1089 1862 1175 1927 lacile
1197 1865 1296 1949 prima
1317 1867 1380 1951 syl·

213 1948 282 2013 laba
300 1948 467 2031 praesentis
486 1955 624 2013 mutatur
642 1949 673 2012 in
692 1948 807 2026 loturo,
824 1948 906 2034 quod
925 1947 1099 2034 praemissis
1119 1949 1237 2033 patebit
1254 1952 1380 2033 regalis.

212 2034 365 2097 Futurum
388 2032 469 2114 apud
494 2032 562 2095 illos
585 2034 719 2098 alteroe
746 2034 868 2099 duobus
893 2032 967 2098 locis
993 2041 1148 2111 movetur,
1186 2042 1241 2100 aut
1266 2036 1381 2103 ultimo

212 2125 267 2182 aut
288 2114 486 2202 paenultimo.
528 2116 661 2181 Ultimus
683 2118 804 2182 duobus
825 2118 930 2182 modis¹
947 2126 1104 2195 moretur,
1129 2126 1183 2184 aut
1205 2120 1302 2186 literis
1322 2131 1379 2187 aut

213 2211 357 2269 accentu:
394 2200 505 2276 litera,
529 2208 566 2266 ut
588 2198 706 2286 γράφω
731 2198 866 2288 γράψω,
895 2197 1006 2267 νάσσω
1025 2200 1133 2281 νάξωτ
1170 2215 1313 2282 accentu,
1342 2216 1380 2272 ut

164 2286 299 2371 Ιθνέμω
318 2287 420 2369 nepai,
455 2282 539 2369 δέρω
561 2286 653 2373 δερῶ.
696 2288 829 2353 Etcum
851 2296 993 2353 moretur
1013 2289 1157 2367 ultimus,
1193 2312 1254 2354 non
1276 2293 1380 2358 omni·

214 2375 306 2439 modo
326 2379 430 2437 movet
452 2372 689 2458 paenultimum:
721 2381 824 2438 motus
846 2381 949 2437 autem
973 2374 1177 2458 paenultimae
1196 2376 1381 2441 omnimodo

212 2460 353 2526 ultimam
374 2465 490 2523 movet:
519 2452 638 2543 άγείρω
661 2454 783 2543 άγερῶ,
804 2457 924 2541 proteo
945 2459 1060 2540 μοανῶ.
1102 2459 1161 2523 llic
1181 2459 1260 2524 enim
1281 2468 1314 2525 et
1336 2462 1380 2527 de

212 2543 399 2631 paenultima
425 2543 579 2609 subtracta
602 2552 649 2611 est
670 2544 774 2623 litera,
810 2552 843 2609 et
867 2542 898 2609 in
926 2543 1067 2609 ultimam
1094 2543 1203 2612 cecidit
1223 2552 1379 2613 accentus.

279 2714 334 2766 Μι.
350 2714 398 2777 Ρ.]

210 2802 236 2849 t.
270 2799 304 2849 in
321 2798 480 2849 contrarium
499 2796 599 2863 scripsi
616 2812 631 2847 e
647 2795 717 2848 coni.
735 2796 887 2865 Opsopoei,
903 2794 951 2863 qni
971 2796 1081 2848 confert
1097 2794 1126 2848 id
1144 2796 1216 2863 qnod
1235 2795 1375 2863 aequitare

210 2865 276 2917 lance
293 2866 325 2915 in
344 2880 376 2915 ce
392 2867 533 2917 necessitas
549 2864 650 2916 redit.
686 2866 848 2917 contrariam
867 2871 936 2926 (om.
954 2865 997 2924 in)
1016 2864 1120 2915 Eddd'.
1145 2892 1181 2903 -
1200 2858 1288 2931 ἐγγυῶ
1304 2872 1373 2926 (orn.

211 2938 249 2993 ct)
268 2931 336 2983 Edd.
355 2957 388 2969 -
405 2926 523 2983 nocolone
541 2932 643 2983 Eddl’.
794 2937 821 2982 8.
856 2929 901 2983 οτὲ
923 2948 991 2992 avoc
1008 2948 1063 2981 orn.
1082 2932 1165 2999 p2-la3
1187 2934 1375 2999 reponendam

211 3018 274 3051 esso
293 2999 363 3052 vidit
380 2998 463 3049 Zeno.
489 3027 517 3037 -
543 2998 671 3049 ΟΜΩ..
692 2996 868 3050 ΟΜΟΙΣ..
888 2950 1035 3052 ὅΜΟΣΩ
1052 2999 1082 3049 Ρ.
1122 2992 1186 3064 ῶμῶ
1205 3033 1231 3051 ..
1250 2994 1331 3066 ὁμοῖς
1349 3035 1375 3052 ..

212 3062 307 3133 dudone
325 3066 394 3117 Edd.
546 3069 588 3115 10.
623 3065 756 3117 ΜΑῙΝΩ
775 3066 891 3118 ΜΑΝΩ
914 3066 944 3118 P.
981 3065 1036 3118 Sed
1055 3066 1091 3117 el.
1110 3066 1124 3132 fi
1143 3070 1184 3117 ll.
1207 3095 1242 3105 —
1264 3070 1293 3120 in
1309 3069 1375 3122 nlti-

210 3152 281 3186 mom
299 3134 401 3185 recidit
418 3130 491 3183 coni.
515 3132 600 3183 Zeun.

210 3285 263 3338 tin:
299 3282 348 3335 sed
371 3282 445 3335 hand
467 3285 543 3334 reete
565 3280 700 3351 scriptum
724 3289 769 3335 ert
817 3282 852 3334 ed
871 3281 1026 3351 Phryniclr.
1044 3300 1069 3349 p.
1085 3284 1160 3335 204³
1193 3281 1269 3348 „Pro
1286 3278 1377 3351 πεινή-

210 3346 337 3421 φορέσιο.
381 3350 564 3403 statuendum
599 3357 643 3403 est
675 3352 768 3419 potius
818 3362 856 3400 σω
874 3350 960 3401 etium
983 3350 1109 3401 nonnulli
1134 3350 1377 3403 lnbenteGraeci-

209 3420 286 3473 atina
307 3421 420 3473 verbum
443 3418 597 3483 excidisse,
632 3425 663 3470 nt
679 3418 769 3485 οτορῶ
818 3412 1008 3469 lateranensium
1025 3417 1164 3481 dixerunt,
1183 3418 1255 3485 qnod
1273 3418 1377 3471 Dorice

210 3483 336 3553 στορέσω.
370 3488 490 3539 Verlrnm
509 3486 600 3553 ipsum
618 3486 696 3553 φορῶ
720 3485 768 3537 hic
816 3485 904 3555 τροπῇ
934 3484 1064 3536 effectum
1096 3486 1209 3537 trndnnt
1232 3502 1377 3553 gramma-

209 3555 331 3619 poaitmn
348 3570 400 3605 non
419 3555 507 3606 luisse
523 3554 588 3605 inde
606 3553 768 3621 collegeris,
818 3551 876 3603 tici.
911 3552 942 3603 V.
960 3553 1052 3621 Etprn.
1071 3570 1096 3603 s.
1112 3570 1139 3604 v.
1159 3547 1260 3621 βοήσω,
1283 3554 1376 3605 Draco

209 3620 280 3686 quod
298 3620 352 3670 hoe
370 3622 523 3687 praemisso
541 3638 594 3680 non
613 3620 680 3673 aliia
697 3636 768 3687 opus
816 3636 843 3685 p.
865 3622 904 3669 l&
938 3619 1035 3672 schol.
1058 3617 1085 3671 ln
1105 3621 1184 3671 Dion.
1201 3621 1327 3672 Granum.
1347 3638 1375 3687 p.

209 3692 270 3739 erat
289 3687 382 3737 verbi·
399 3689 500 3753 qniltnn
518 3690 684 3754 probaretur
701 3704 766 3753 non,
815 3687 897 3737 serf*
917 3691 970 3737 ete.
989 3714 1022 3726 -
1040 3688 1119 3739 Haec
1138 3688 1271 3755 leguntur
1290 3689 1318 3739 in
1338 3688 1374 3739 Η.

208 3753 336 3822 quotiens
366 3753 460 3806 brevis
491 3762 567 3806 esset
595 3754 767 3823 paenultima
815 3752 914 3820 steph.
933 3752 1022 3805 Tlres.
1043 3754 1093 3806 Gr.
1115 3753 1147 3805 ln.
1169 3771 1237 3806 nv.
1261 3750 1374 3819 monim,

207 3820 381 3891 praesentia,
414 3822 440 3873 E
455 3826 519 3873 anta
538 3822 566 3873 Ω
583 3838 646 3873 ensa
670 3820 698 3873 in
721 3822 766 3874 ln·
815 3820 863 3871 uhi
886 3820 999 3873 additur
1016 3821 1153 3874 choesel).
1172 3822 1201 3873 in
1218 3822 1329 3873 Tlreod.
1345 3839 1372 3889 ρ.

174 3926 176 3931 ψ
208 3900 281 3943 turo·
316 3888 573 3942 Atourninoillam
591 3890 767 3941 observatio·
816 3892 879 3951 665,
904 3893 930 3939 6.
969 3888 1105 3941 Futurum
1137 3884 1247 3957 διψάσω
1274 3895 1374 3943 neutro

208 3960 286 4023 nem,
305 3957 434 4024 quotiens
453 3956 480 4008 in
500 3956 593 4008 loturo
613 3956 638 4008 E
656 3962 719 4008 enta
739 3957 767 4009 Ω
815 3954 877 4008 Ιοοο
896 3964 1140 4010 commemorator.

207 4032 340 4094 ponatur,
375 4026 487 4078 brevem
518 4040 580 4076 cusa
608 4024 766 4091 praesentia
847 4054 901 4122 ms]
923 4072 963 4107 w·
980 4054 1091 4117 norm,
1115 4055 1188 4123 (1,,ορ
1205 4060 1249 4109 032
1266 4055 1375 4108 inponi.

205 4091 524 4213 ffi‘lnzuffiffimatggffieltl
539 4108 623 4225 &aaz
651 4092 765 4145 ‘lemn'
813 4124 936 4191 gendum
953 4141 987 4175 ax
1004 4122 1180 4176 antecedenti
1194 4125 1292 4176 Dorico
1302 4131 1374 4176 sunt.

204 4253 765 4395 senescalcus„asilu
812 4223 1375 4359 aa·„nunnamenster

204 4399 377 4458 correptum,
410 4394 457 4445 ubi
474 4394 616 4463 nignificep
639 4394 761 4461 venam,
812 4364 903 4477 {2132
926 4358 1087 4477 qllllzfml’
1099 4358 1195 4476 bpaulo
1213 4358 1312 4411 durias
1329 4358 1375 4463 ri:

898 4462 907 4486 ‚
1017 4441 1096 4491 praa
1118 4441 1166 4475 era
1188 4443 1240 4493 per
1261 4443 1359 4493 sequen

205 4458 306 4508 ‘¹⁰⁰⁰”l
323 4459 509 4523 mmmmm·
810 4492 878 4544 tec.“
895 4490 981 4542 zuen.
1000 4520 1029 4530 -
1050 4490 1213 4559 lntelligana
1240 4494 1373 4560 ,‚qurtndo

238 4549 355 4603 πεινάοω
377 4563 402 4608 ct
423 4552 544 4624 διψάοω]
571 4557 613 4613 Cf.
636 4558 760 4615 natael.
809 4563 892 4611 arnul
910 4558 1084 4623 Pfflemlmfl
1101 4560 1266 4628 ¹⁰8⁰l⁰0·“.
