2950 4992
205 153 271 221 260
691 149 901 218 uncuoau

213 326 295 404 ΨΩ,
313 320 438 406 ἔπεμψα
454 317 580 403 πέμψω.
623 320 708 405 Ergo
727 316 871 405 λάλησον
891 315 1018 405 πράξαν
1037 316 1168 404 πέμψον
1186 321 1397 409 adsignantur

162 411 302 480 lbsimul
329 410 453 493 utrique
475 403 624 491 tempori,
655 406 727 491 quia
752 406 916 491 utriusque
940 406 1025 490 signa
1047 405 1270 473 demonstrant.
1315 410 1395 474 Ter·
1467 452 1468 465 ι

140 549 147 559 .
211 498 254 562 tia
281 516 355 561 vero
384 512 514 577 persona
542 490 639 574 magis
667 493 815 557 aoristum
848 490 972 575 respicit
998 512 1091 577 quarn
1120 492 1277 560 futurum:
1318 495 1397 560 lacit
1467 516 1468 521 ¹

120 643 125 649 ,
210 581 293 647 enim
319 573 487 660 talipedare
508 571 663 661 πραξάτα
683 574 856 660 respodeo,
878 598 947 641 cum
970 579 1035 640 ΣΑ
1058 576 1121 648 ΞΑ
1145 582 1210 643 ΨΑ
1231 584 1395 665 χαρακτῆ-

211 688 265 751 ρος
287 664 349 730 sint
369 658 535 748 άορίστου.
579 662 664 728 Idem
687 671 776 728 sonat
798 670 830 727 et
851 661 970 751 plurale
990 658 1162 745 ποιήσητε
1187 668 1275 731 cuius
1297 670 1395 731 tertia
1467 656 1468 743 i

212 760 343 838 persona
365 770 472 815 rursus
492 769 563 814 cum
586 748 796 814 additamento
818 749 926 813 tertiae
956 747 1120 833 singularis
1143 750 1274 817 efficitur
1296 772 1394 837 ποιη-
1467 750 1468 823 l

164 831 373 905 14σάτασαν.
417 836 459 899 Et
483 842 519 899 ut
540 834 599 898 boe
629 834 711 900 idem
738 843 877 920 tempus,
918 832 949 898 id
970 842 1018 899 est
1032 832 1182 915 ¹laturum
1206 837 1395 923 imperativi,

213 922 368 1009 passivum
392 920 461 995 fiat,
505 914 792 986 sumitur‘aoristus
814 918 944 996 infiniti,
985 926 1017 985 et
1037 919 1120 985 nulla
1143 922 1270 987 omnino
1299 924 1394 989 litera

213 1016 330 1073 mutata
366 1014 550 1091 tantumque
587 1015 715 1071 accentu
748 1026 871 1070 sursum
901 1004 939 1069 ad
975 1005 1208 1090 praecedentem
1240 1008 1392 1094 syllabam

211 1102 316 1159 tracto·
332 1092 469 1157 futurum
493 1091 707 1177 imperativum
734 1090 889 1176 passivum
912 1090 960 1165 fit,
993 1092 1127 1174 ποιῆσαι
1149 1093 1301 1175 ποίησαι,
1333 1100 1392 1159 λα-

212 1182 309 1263 λῆσαι
336 1174 493 1260 tattaeus:
534 1176 621 1242 cuius
647 1177 738 1242 tertia
766 1196 896 1263 persona
917 1175 952 1239 fit
973 1176 1011 1240 de
1035 1178 1128 1243 tertia
1150 1179 1239 1246 activi
1268 1190 1392 1247 mutato

220 1265 300 1329 Tin
323 1266 404 1342 ΣΘ,
440 1259 605 1347 ποιήσατο)
625 1258 836 1345 ποιησάσθω,
876 1260 956 1326 sicut
983 1268 1016 1327 et
1039 1268 1160 1329 ποιεῖτε
1179 1270 1328 1331 ποιοῖσθε
1359 1276 1393 1333 et

215 1345 369 1433 ποιήσατε
391 1343 581 1431 ποιήσασθε.
1430 1348 1433 1355 “

282 1456 286 1462 ·
536 1435 636 1499 xvss.
677 1434 726 1501 De
747 1432 942 1499 coniunctivo
965 1432 1066 1500 modo.

302 1518 504 1585 Coniunctiva
524 1520 721 1596 Latinorum,
754 1540 833 1605 quae
852 1512 1052 1585 άποτακτικὰ
1074 1519 1280 1600 Graecorum,
1316 1543 1392 1589 oau-

215 1626 279 1671 sam
303 1605 442 1670 vocabuli
465 1626 504 1670 ex
523 1626 586 1670 una
607 1604 777 1690 eademque
798 1603 916 1690 origine
937 1606 1121 1670 sortiuntur.
1161 1608 1240 1673 Nam
1263 1629 1301 1673 ex
1320 1609 1391 1674 sola

214 1692 431 1757 coniunctione
457 1712 535 1776 quae
563 1690 592 1756 ei
622 1690 732 1756 accidit
759 1690 972 1756 coniunctivus
998 1690 1108 1757 modus
1127 1693 1300 1778 appellatus
1323 1704 1390 1759 est:

215 1777 299 1843 unde
328 1784 360 1841 et
380 1774 488 1841 Graeci
515 1770 733 1841 ὑποτακτικὸν
761 1770 816 1839 διά
842 1776 900 1840 τοῦ
921 1769 1139 1860 ὑποτετάχθαι
1166 1779 1391 1845 vocitaverunt.

186 1862 308 1948 anpud
332 1883 410 1947 quos
433 1860 491 1927 hoc
512 1862 605 1927 habet
628 1861 826 1947 praecipuum
851 1861 900 1926 hic
920 1860 1046 1938 modus,
1087 1863 1170 1948 quod
1194 1886 1287 1929 omne
1308 1874 1391 1931 tem-

217 1969 275 2033 pus
295 1948 362 2012 eius
385 1947 518 2013 activum
540 1948 671 2034 primam
690 1968 854 2033 personam
877 1947 1061 2032 singularem
1084 1948 1116 2013 in
1137 1950 1301 2028 sa.·nntit,
1329 1947 1391 2016 ἐάν

215 2034 300 2098 ποιῶ
321 2028 383 2096 ἐάν
401 2029 565 2117 πεποιήκοι
588 2031 646 2097 ἐάν
666 2027 808 2116 ποιήσω,
851 2032 928 2097 adeo
950 2040 986 2098 ut
1007 2042 1040 2097 et
1059 2031 1110 2097 illa
1136 2036 1228 2101 verba
1249 2057 1330 2122 quae
1355 2038 1391 2101 in

218 2120 284 2181 ΜΙ
297 2126 422 2196 exeunt,
442 2139 512 2185 cum
535 2118 572 2184 ad
593 2118 676 2184 bunc
699 2119 823 2184 modum
845 2119 995 2196 venerint,
1017 2117 1143 2183 redeant
1166 2121 1202 2185 ad
1225 2121 1275 2186 illa
1297 2122 1328 2187 in
1351 2124 1391 2185 Ω

217 2204 388 2268 desinentia
413 2203 584 2290 dequibus
607 2204 741 2276 derivata
766 2211 853 2281 sunt,
894 2205 978 2267 τιθῶ
1000 2204 1115 2287 τάθημι
1137 2207 1219 2271 etin
1241 2208 1390 2273 coniunc-

188 2289 281 2357 3tivo
304 2284 362 2352 ἐάν
383 2290 483 2368 τιθῶ,
507 2291 581 2356 item
604 2290 685 2354 dadai
706 2289 825 2371 δίδωμι
846 2284 904 2353 ἐάν
926 2288 1015 2353 διδῶ.
1057 2283 1267 2355 Ὑποταττικά
1289 2292 1389 2357 Grae-

168 2390 346 2459 [aao]corum
369 2375 498 2461 syllabas
522 2396 601 2461 qaae
624 2375 654 2439 in
676 2375 744 2439 aliis
767 2374 865 2440 modis
884 2375 991 2440 breves
1012 2373 1135 2441 luerunt
1156 2377 1187 2440 in
1208 2398 1262 2441 sua
1289 2377 1387 2442 decli·

218 2460 342 2525 natione
364 2460 553 2545 producunt,
590 2455 725 2543 λέγομεν
746 2454 803 2525 ἐάν
821 2456 982 2544 λέγωμενε
1022 2461 1076 2526 sed
1096 2470 1127 2527 et
1148 2464 1200 2525 ΕΙ
1218 2461 1386 2547 dipbtbon-

217 2567 291 2629 gum
313 2544 345 2609 in
364 2534 425 2628 ἦτα
444 2554 579 2623 mutant,
602 2541 687 2628 λέγω
705 2542 822 2628 λέγεις,
844 2540 902 2610 ἐάν
921 2541 1005 2629 λέγω
1029 2542 1086 2611 ἐάν
1106 2543 1208 2630 lippe.
1248 2548 1291 2613 Et
1311 2548 1389 2631 quia

217 2640 327 2696 natura
350 2632 512 2696 verborum
535 2631 675 2697 omnium
696 2632 778 2716 apud
800 2631 935 2698 Graecos
961 2632 1036 2697 baec
1058 2641 1120 2711 est,
1159 2642 1195 2699 ut
1220 2653 1258 2697 ex
1286 2634 1386 2718 prima

218 2735 349 2801 persona
371 2715 402 2779 in
425 2718 460 2779 Ω
482 2717 661 2782 exeuntium
688 2716 821 2782 secunda
842 2716 875 2781 in
897 2716 973 2783 duas
999 2718 1118 2784 vocales
1142 2718 1278 2795 desinat,
1316 2717 1386 2781 ideo

218 2801 323 2867 EAN
342 2802 623 2871 aasumensi
644 2802 816 2888 Iascripto
843 2810 913 2888 post
935 2804 974 2867 H
991 2803 1161 2889 profertur,
1196 2811 1230 2870 ut
1257 2804 1388 2869 duarum

265 2944 268 2951 ·
284 2918 338 2971 Me.
355 2920 404 2982 P.]

216 3006 258 3055 1a.
293 3004 577 3074 assignaturEddAE.
595 3035 628 3046 -
647 3007 728 3075 quod
745 3007 882 3074 utriusque
903 3005 973 3057 Edd·
1107 3010 1149 3057 13.
1185 3006 1390 3059 KAPAKTH-

222 3071 373 3202 madidi-1,
395 3142 420 3191 3.
453 3140 512 3234 ideo
532 3135 582 3193 ἐὰν
599 3136 686 3208 limes
708 3141 778 3195 Edd.

215 3242 318 3294 reterri
341 3244 376 3294 ad
405 3244 497 3311 priua,
531 3245 601 3296 iliad
625 3245 659 3297 ad
681 3250 775 3312 poste·
861 3244 886 3291 l.
926 3240 1108 3306 Coniunctiaa]
1143 3256 1182 3289 ac.
1211 3238 1305 3292 verba.
1341 3238 1393 3292 Cf,

216 3311 276 3362 rius
295 3313 510 3364 antistantivnm.
534 3359 537 3364 .
654 3356 661 3369 ‚
827 3326 850 3361 c.
873 3312 912 3365 18,
933 3309 945 3373 5
963 3314 988 3358 8.
1007 3325 1085 3359 omne
1103 3307 1265 3377 optativum.

250 3383 292 3430 13.
329 3380 502 3446 Ιάτοιαοιιαι]
520 3380 539 3431 i.
556 3376 776 3445 e.„mngieao·
859 3376 1014 3442 sortiantur]
1042 3375 1084 3427 Cf.
1112 3375 1200 3442 prael.
1236 3375 1277 3425 De
1306 3375 1387 3425 verb.

216 3446 316 3498 rietum
335 3449 451 3515 respicit
469 3463 552 3514 quam
571 3448 726 3510 futurunr“‚
745 3454 776 3498 ut
827 3444 845 3495 l.
872 3460 896 3495 c.
923 3443 1032 3511 legitur
1059 3450 1205 3497 traxerant.
1245 3442 1388 3495 Priscian.

215 3530 301 3580 supra
319 3515 432 3566 dicitur.
566 3575 569 3579 ,
826 3512 844 3561 l.
864 3528 886 3562 c.
907 3528 932 3576 p.
950 3514 998 3561 821
1019 3510 1053 3561 P:
1081 3512 1117 3562 lte
1136 3510 1283 3573 sciendam,
1315 3511 1388 3577 qaod

251 3585 292 3631 14.
326 3590 356 3635 ut
381 3616 405 3634 ..
430 3582 566 3649 persicam
587 3580 654 3648 fiat]
685 3579 775 3631 Immo
826 3580 944 3630 omnibus
974 3580 1059 3631 modis
1087 3570 1149 3629 eliis
1179 3578 1275 3629 saciari
1299 3586 1388 3646 potest

215 3647 349 3699 medium.
825 3644 1020 3709 subiuncticas',
1053 3647 1099 3715 qui
1117 3663 1173 3698 cum
1192 3646 1318 3698 adversor
1334 3646 1387 3697 lta-

234 3704 370 3779 'falaram
406 3715 592 3783 imperativam
623 3712 771 3782 passivam]
824 3716 884 3767 beot
901 3715 1127 3783 significationes,
1145 3732 1197 3765 non
1214 3714 1247 3765 ab
1266 3730 1320 3765 ana
1339 3731 1388 3765 ea·
1441 3772 1442 3781 ἵ

213 3783 261 3836 Sic
280 3784 393 3851 saepius
408 3800 462 3835 uno
482 3798 548 3833 casu
567 3798 634 3833 usus
653 3786 697 3830 eat
713 3780 774 3830 Ma·
822 3798 879 3833 ram
899 3783 945 3834 red
963 3800 980 3834 a
998 3782 1246 3835 constructione
1265 3798 1386 3835 nomen

214 3852 342 3916 ordbiue,
371 3859 400 3904 ct
417 3850 563 3902 modorum
580 3864 772 3916 generumque
824 3851 962 3919 accepit.

212 3922 326 3973 nomina
344 3938 393 3987 pro
411 3917 560 3971 adiectivis
580 3914 696 3978 babuit,
722 3915 775 3967 ubi
855 3920 880 3967 3,
918 3916 1001 3968 ΕΑΝ
1013 3914 1176 3981 ΛΕΓΗΙΣ]
1206 3914 1269 3979 Sic,
1300 3919 1331 3965 ut
1355 3914 1387 3965 in

213 3986 606 4054 ponenduecratganitivua.
640 3983 725 4034 cac.
745 3988 773 4048 9,
823 3984 920 4035 codice
950 3986 1096 4051 leguntur,
1131 3987 1211 4036 eram
1236 3980 1389 4035 scribenda

213 4056 274 4121 §l-
297 4074 420 4124 praesens
442 4052 678 4122 tempus..mcdi
700 4052 772 4103 indi·
823 4052 893 4103 haec
918 4054 1003 4103 verba
1038 4057 1153 4120 propter
1184 4066 1216 4101 ea
1243 4065 1389 4116 quaese-

212 4124 295 4175 cotivi
310 4126 415 4193 generis
433 4124 526 4186 activi,
551 4122 600 4173 sed
620 4121 675 4186 §4-
692 4136 773 4186 pruc—
822 4128 957 4185 quantur:
983 4139 1040 4182 pam
1061 4124 1079 4171 Ι
1093 4120 1237 4184 adscripto
1253 4122 1326 4183 post
1346 4118 1387 4185 H,

211 4208 270 4243 ττιιι
284 4194 437 4258 passivum,
456 4209 478 4242 c.
496 4196 538 4253 10,
554 4190 568 4256 ξ
585 4194 609 4240 1.
626 4190 772 4256 perfectam
822 4188 856 4239 ad
875 4204 946 4254 quae
963 4188 1085 4240 Zeunius
1102 4184 1247 4239 adnotavit
1266 4184 1386 4237 haecce:

208 4260 344 4324 passivum
368 4266 396 4311 et
416 4275 544 4329 praesens
563 4266 665 4325 tempas
680 4257 771 4323 parsi·
820 4256 971 4372 i‚interam
986 4256 1017 4375 tid
1035 4255 1109 4372 quopli
1127 4252 1280 4372 pltiiprrpbnunsm
1286 4251 1387 4371 v1:⁸3⁶er

209 4342 281 4381 eam.
830 4340 879 4375 iris
907 4340 962 4374 serr
997 4341 1025 4375 ιι·
1051 4339 1085 4383 aa

244 4393 326 4443 xvlt.
365 4393 404 4451 De
422 4393 585 4446 coniunctius
602 4390 699 4457 modo]
725 4390 767 4443 Cf.
818 4390 896 4451 licet,
916 4341 987 4457 iltuit
1007 4391 1068 4441 Iota
1087 4338 1218 4452 otiosum,
1241 4387 1314 4453 qnod
1333 4405 1385 4438 ιιο-

208 4456 243 4505 de
261 4460 336 4510 verb.
359 4477 384 4509 c·
403 4466 441 4512 b!
464 4460 591 4512 Priscian
625 4458 674 4510 lib.
692 4459 766 4523 vm,
817 4457 1384 4523 stribcniinesvocantaabseriptam,non

207 4526 321 4639 aalma&
338 4526 428 4641 motdie
452 4535 481 4579 et
498 4528 547 4580 lib.
565 4525 671 4590 xvffl,
703 4543 764 4593 cap.
815 4524 1218 4645 ιἶσοιιιίἱ.ἓιιιιοιιάίιοιιιιιιι,ιῖοά
1236 4523 1384 4606 adscribe-

324 4606 397 4639 ιιιιο.
609 4602 613 4610 ’
744 4654 752 4663 ⁴
834 4608 890 4646 an.
953 4609 984 4645 ao
1028 4609 1110 4647 amen
1140 4610 1159 4645 u
1185 4608 1229 4645 am
1258 4609 1287 4645 ιιι
1314 4608 1379 4661 pro·
