2950 4992
249 181 386 251 noun
406 180 451 249 m
472 178 599 249 soom
618 177 718 283 sup.
760 179 835 244 nm
856 181 880 245 1.
923 179 1014 250 aar.
1036 183 1108 250 xx.
1201 186 1262 252 ns

76 352 177 421 milia
199 351 330 419 ducenta
351 351 575 438 quinquaginta
596 348 667 414 duo.
710 347 790 414 Cum
811 369 885 435 ergo
910 356 1031 418 tanturn
1059 354 1193 423 ambitus
1213 365 1259 426 ts·

75 447 175 516 neat
195 439 261 504 sine
281 437 375 503 dubio
395 435 655 522 octogintamilia
674 434 843 500 stadiorum
863 433 910 502 vel
928 455 992 500 non
1009 439 1106 504 multo
1126 442 1259 529 amplisu

75 527 260 592 diametros
275 522 369 588 habet
389 521 558 587 secundum
572 520 810 605 triplicationem
831 540 901 584 oum
922 521 1069 607 septimae
1092 528 1194 609 partis¹
1207 530 1259 595 ad·

74 611 242 687 lectione,
273 630 366 695 quam
389 607 532 694 superius
552 606 592 671 do
617 605 769 671 diametro
790 613 822 670 et
843 604 957 670 circulo
979 607 1160 690 regulariter
1181 613 1259 680 dixi·

74 717 168 764 mus.
212 695 256 760 Et
275 695 347 780 quia
369 693 409 758 ad
429 691 619 756 efficiendam
641 698 790 756 temesae-
808 691 935 756 umbrae
954 690 1177 776 longitudinem
1197 707 1307 774 nonil

72 777 227 850 ambitus
249 789 350 845 terrae
377 778 430 843 sed
453 777 594 842 diametri
621 797 766 842 mensura
786 776 1015 862 multiplicanda
1037 784 1087 842 est
1112 779 1136 858 (i
1160 801 1193 845 sa
1213 793 1261 850 eat

10 911 14 918 -
71 870 170 936 enim
207 885 301 951 quam
328 884 452 929 sursum
478 870 599 928 constat
627 868 833 940 excrescere),
864 862 1002 948 sexagies
1029 801 1260 950 multiplicanda

73 954 140 1022 tibi
162 958 262 1017 erunt
281 949 436 1034 octoginta
456 948 555 1025 milia,
576 968 656 1034 quae
676 955 777 1013 terras
796 947 963 1014 diametros
980 947 1089 1028 habat,
1114 971 1194 1036 quae
1216 954 1232 1019 s
1246 991 1260 1006 ·

75 1043 179 1106 ciunt
221 1034 381 1120 uadragies
407 1033 503 1098 octies
523 1041 652 1098 centena
674 1033 760 1098 milia
780 1033 948 1098 stadiorum
972 1055 1039 1100 csse
1066 1055 1084 1100 a
1105 1043 1187 1103 terra
1207 1061 1259 1106 us·

78 1145 151 1212 que
184 1058 224 1186 al
257 1119 331 1184 solis
359 1139 500 1196 cursum,
537 1139 601 1204 quo
627 1117 770 1182 umbram
800 1125 900 1198 terrae
928 1117 1063 1186 diximus
1091 1125 1261 1206 pervenire.

77 1213 189 1277 Tarra
215 1213 318 1270 anum
340 1205 373 1269 in
392 1205 493 1269 medio
514 1203 654 1269 caelestis
675 1202 797 1280 circuli,
830 1223 890 1286 per.
905 1222 997 1287 quarn
1018 1204 1064 1268 sol
1085 1209 1197 1288 currit,
1226 1218 1311 1286 uem

78 1302 221 1362 centron
241 1291 344 1356 locata·
359 1299 420 1355 est:
455 1311 528 1376 orgo
554 1309 698 1355 mensura
721 1296 863 1353 terrama
887 1287 1016 1352 umbrae
1030 1291 1312 1389 medietatampoa]

79 1377 236 1448 diametri
256 1376 394 1442 caelestis
412 1375 533 1452 efficiet,
553 1382 587 1440 et
609 1375 634 1440 si
658 1374 697 1439 ab
717 1373 817 1438 altera
833 1392 957 1459 quoquc
979 1379 1071 1458 partc-
1085 1382 1185 1443 terrae
1209 1403 1264 1466 par

79 1485 194 1552 usque
214 1462 252 1527 ad
271 1462 405 1527 eundem
427 1462 575 1526 circulum
598 1479 742 1525 mensura
765 1458 923 1536 tendatur,·
940 1457 1058 1542 integra
1079 1460 1184 1528 circuli
1207 1488 1263 1553 per

106 1571 187 1618 uem
211 1548 256 1614 sol
279 1548 376 1613 enuit
394 1547 561 1612 diametros
582 1545 747 1612 invenitur.
789 1543 962 1629 Duplioatis
989 1543 1084 1627 igitur
1106 1544 1165 1612 illis
1188 1555 1312 1637 qua.23

80 1575 215 1722 dragies
242 1634 338 1698 octies
368 1632 506 1698 centenis
534 1631 659 1695 milibus
688 1629 750 1696 erit
782 1629 900 1715 integra
927 1628 1094 1694 diametros
1124 1635 1263 1704 caelestis

82 1720 201 1788 circuli
229 1718 376 1802 nonagies
408 1717 507 1782 series
539 1715 677 1780 centenis
707 1714 833 1780 milibus
859 1713 1043 1780 stadiorum:
1080 1723 1113 1782 ot
1138 1718 1264 1792 inventa

81 1807 261 1874 diametros
286 1802 373 1867 iacils
400 1821 576 1868 mensuram
603 1801 693 1866 nobis
718 1800 815 1886 ipsius
843 1819 970 1888 quoque
994 1800 1127 1868 ambitus
1152 1808 1262 1892 prodit„

748 2019 779 2080 0
891 1970 975 2034 [ΕΜ.
992 1971 1197 2044 ricubgrpdub.

85 2059 148 2112 Τι.
166 2053 248 2108 Viuo.
266 2054 339 2106 Bell.
362 2054 382 2106 Ι.
400 2071 423 2106 e.
474 2072 544 2122 quae
563 2056 606 2107 uel
625 2055 752 2110 incolitur
771 2056 918 2124 ubicunque
939 2053 1012 2112 Bau.
1062 2075 1265 2132 quoscumque

86 2135 171 2192 (sup.
196 2124 259 2176 edd.
283 2124 341 2182 ubi)
362 2123 404 2174 nel
425 2123 549 2176 incolitur
568 2123 602 2175 0.
655 2141 724 2192 qune
741 2125 783 2176 uel
801 2125 925 2178 incolitur
943 2141 960 2176 n
979 2125 1173 2198 quibuscunque
1195 2139 1265 2194 (osu.

84 2195 262 2258 ubicumque)
286 2190 381 2241 Foris
408 2190 445 2252 (0
460 2191 520 2260 ¹qni
541 2193 605 2251 nel).
658 2208 726 2259 quoe
748 2209 766 2242 n
787 2192 990 2260 quibuscumque
1018 2193 1060 2244 vei
1082 2195 1206 2250 incolitur
1231 2201 1263 2254 P.

86 2277 162 2332 quae
180 2261 376 2326 quibuscunque
393 2265 462 2342 (usp.
479 2265 512 2319 a]
528 2260 572 2341 pel
593 2260 716 2312 incolitur
736 2260 794 2310 s-'b.
844 2259 1025 2341 quoenubique
1042 2266 1110 2320 (orn.
1128 2265 1169 2314 uel
1185 2265 1263 2319 ineol.

85 2327 307 2452 iiiiln‘r
323 2327 602 2447 ‘'rimi’'ltdssbl‘:
615 2328 1017 2462 rtt‘zzllisns‘it.·?2
1034 2327 1266 2464 iiiiiimill'.

198 2465 241 2513 21.
275 2464 335 2530 ipso
356 2465 424 2516 enirn
443 2478 545 2514 sursum
573 2467 642 2522 [om.
660 2469 713 2524 ectr
742 2461 806 2514 add.
825 2475 841 2512 s
859 2477 915 2512 sec.
934 2467 1086 2526 tuaquom)
1106 2463 1135 2515 C.
1159 2493 1195 2504 -
1220 2485 1265 2520 ες.

86 2545 208 2586 cresccre
223 2531 354 2598 aerngies.
377 2529 580 2595 multiplicando
597 2526 627 2577 F.
645 2557 680 2565 —
702 2528 781 2579 babet
798 2528 859 2578 add.
878 2541 895 2578 n
912 2541 967 2576 sec.
985 2542 1021 2576 nr.
1038 2527 1089 2580 Ru.
1110 2557 1142 2570 κ·
1164 2537 1267 2588 studio-

85 2616 151 2654 rum
170 2615 188 2648 u
208 2605 279 2647 terra
297 2601 448 2657 (amesae)
472 2595 547 2645 Vina.
564 2594 638 2645 Bell.
657 2595 677 2644 l.
695 2611 735 2655 e,
769 2595 817 2644 ubi
839 2596 972 2660 leguntur
995 2595 1081 2648 verbu
1102 2600 1205 2666 quadra
1229 2605 1267 2655 ics

88 2667 174 2720 octies
256 2680 307 2730 quo
324 2664 421 2714 umbro
437 2670 524 2713 terrac
539 2662 652 2727 perveni
659 2668 679 2712 t·
704 2688 737 2699 —
763 2663 799 2712 ud
817 2662 881 2712 aclis
896 2677 1037 2712 occursum
1057 2663 1109 2716 Hs.
1135 2695 1169 2705 -
1214 2671 1267 2723 isi.

87 2731 160 2797 anua]
188 2729 204 2794 fi
227 2734 266 2780 18.
291 2756 326 2766 -
352 2730 491 2796 peruenire
506 2728 693 2793 Massa-31³4.
743 2729 893 2796 pertinere
909 2728 971 2779 vlb.
1001 2730 1219 2793 „Pulcherrima
1239 2743 1268 2792 et

87 2795 363 2851 convenientissime
393 2795 590 2848 Oxonienais.“
619 2796 706 2847 Gran.
857 2799 900 2846 Ἠ.
942 2804 972 2848 ut
997 2805 1121 2853 centrum
1239 2823 1268 2861 aa·

88 2882 171 2934 quern
188 2866 230 2915 rol
245 2865 326 2915 currit
343 2865 408 2915 edd.
426 2880 444 2914 e
461 2880 517 2914 seo.
536 2881 572 2914 m.
591 2861 622 2914 G.
651 2891 686 2902 -·
715 2869 821 2915 centron
838 2863 1001 2916 usmaro.
1048 2877 1178 2923 centrum
1196 2873 1266 2928 Edd.

87 2932 220 2987 Fertur).
239 2961 274 2970 —
296 2932 383 2983 ultera
397 2937 465 2992 (om.
485 2932 532 2991 nb)
551 2932 602 2982 lu,
617 2959 648 2970 -
667 2932 823 3000 partisque
840 2933 891 2983 Rl.
908 2960 941 2970 -
960 2933 997 2984 nd
1014 2936 1122 2989 eundem
1140 2941 1268 2995 circulum

88 3016 221 3057 mensuro
244 2998 526 3066 BSRlbnglOP‘ffi
551 2998 639 3064 „libri
663 3014 773 3059 omnes,
807 3005 838 3051 ut
860 2999 884 3065 [ᾗ
904 2999 957 3066 lo]
979 3000 1016 3052 nd
1032 3002 1119 3070 ipsum
1140 3009 1267 3061 circulans

87 3087 140 3141 per
157 3083 238 3136 quesn
254 3066 295 3119 sol
314 3068 424 3120 currit.“
451 3067 537 3118 Gron.
573 3067 713 3120 Planudes
737 3062 816 3134 μέχρι
831 3067 882 3119 τοῦ
900 3061 989 3119 αὐτοῦ
1006 3065 1114 3124 noun.
1166 3077 1203 3127 nd
1219 3079 1268 3129 di-

89 3136 232 3191 midium
250 3135 347 3186 circuli
362 3152 485 3188 ercnsmc
503 3134 540 3195 (C
557 3134 586 3186 in
604 3141 677 3204 mg.)
698 3135 804 3187 lla-bl).
857 3135 894 3188 ud
912 3135 1086 3190 dimidium
1104 3141 1156 3192 ccl
1173 3145 1268 3197 dini·
1305 3170 1309 3175 ·

91 3208 227 3258 dicturo
245 3203 370 3255 circulans
388 3220 510 3256 mensura
529 3204 581 3255 Hs.
630 3205 779 3256 dimidians
796 3209 865 3264 (orn.
884 3204 934 3260 odi
952 3203 1050 3256 circadi
1065 3223 1218 3264 morsuram
1234 3213 1267 3266 Ρ.

90 3273 186 3324 -sol
204 3288 260 3322 om.
277 3271 329 3320 Rl.
481 3273 525 3323 23.
559 3272 703 3340 duplicatis
717 3271 791 3322 illis
806 3272 893 3340 igitur
910 3269 941 3319 G·
976 3272 1120 3338 duplicatis
1137 3293 1169 3328 cr
1201 3281 1266 3331 cu.

91 3369 128 3380 -
147 3340 230 3393 octies
246 3338 375 3404 septenis
392 3337 444 3388 Rl.
462 3367 497 3376 -
518 3340 638 3390 coelestis
656 3339 748 3390 circuli
766 3369 809 3388 ...
828 3346 853 3389 et
870 3338 978 3388 inuenta
997 3339 1139 3393 diametros
1155 3295 1218 3396 ald.
1238 3346 1268 3398 iu

94 3425 154 3477 mg.
173 3407 206 3458 F.
230 3434 263 3445 -
286 3407 318 3456 in
334 3406 466 3472 nonagies
482 3405 530 3457 1³4.
551 3435 586 3445 -
605 3406 680 3457 nobis
696 3420 844 3457 mensorum
862 3405 948 3471 ipsius
966 3404 1016 3455 ΕΙ.
1037 3433 1072 3446 -·
1095 3425 1196 3476 quoque
1214 3428 1268 3469 om.

127 3559 277 3636 magenta·
288 3555 365 3606 nrilin
382 3555 530 3618 stadiorum
548 3554 590 3606 sel
608 3572 661 3605 non
711 3553 895 3671 ¹³‘'intcgrrrl..
909 3553 1055 3671 qlp'nmetrcr
1075 3557 1217 3642 invenitur]
1236 3563 1269 3616 lu

94 3622 661 3757 pignorentur·:csso
709 3636 923 3770 nezem
942 3623 1272 3764 urreissands

94 3763 171 3812 milia
185 3758 332 3812 cuum
344 3765 369 3809 ct
383 3758 461 3808 sensis
471 3758 549 3808 unios
563 3766 588 3808 et
600 3773 659 3824 scp-
709 3756 841 3807 dramstrr
857 3763 949 3808 terrae
965 3773 1017 3810 non
1034 3759 1167 3819 babuerit
1184 3769 1271 3822 ratio-

94 3835 146 3880 Μ,
161 3827 304 3879 vicesimae
321 3825 452 3877 emundes
468 3825 549 3875 nnius
566 3826 659 3876 studii.
709 3825 799 3875 nem-⁸
816 3824 862 3889 At,
878 3839 940 3876 curn
954 3825 1075 3882 'dimidiu
1094 3837 1186 3884 terrac
1204 3851 1271 3902 pare

129 3910 276 3963 „cundum
292 3907 506 3976 pfqpqpfflqgouem]
525 3905 598 3974 (Μ
619 3912 659 3960 16,
709 3891 739 3944 in
757 3893 856 3974 umbra
872 3892 924 3953 sit,
947 3893 1018 3946 baec
1035 3897 1096 3980 qius
1115 3901 1188 3952 ratio
1204 3919 1272 3954 sano

96 3983 124 4029 ος
144 3979 266 4045 ΕΜΨ,
284 3977 307 4042 1,
329 3980 369 4027 ll.
708 3959 874 4027 flagitabat,
912 3966 943 4012 ut
974 3964 1133 4028 duplicaret
1162 3974 1272 4024 tantum

130 4064 173 4111 21·
210 4059 376 4129 quadragies
393 4059 661 4112 Μ’·Μιωηαπή,Ι
710 4035 802 4080 terrac
825 4028 960 4080 umbram.
995 4031 1124 4085 Aliuras
1148 4040 1204 4098 cst,
1235 4037 1270 4101 si,

98 4126 149 4245 qap
162 4127 376 4264 pgpnxficepqip
396 4131 437 4180 ¹&
459 4132 537 4180 reeb
554 4125 662 4179 um·
709 4096 890 4229 liuilni?
916 4105 1048 4217 {iiiiii
1081 4099 1273 4238 §inlidi

711 4238 826 4284 torrem.

103 4296 371 4428 oijbllaf‘ff'li
385 4294 432 4416 li·
447 4294 662 4417 mliii?
711 4301 1184 4437 ninelltlfff’ffitaittffffllt
1199 4305 1273 4425 lt}

106 4420 150 4473 dio
171 4434 266 4483 mundo
288 4436 368 4496 situm
394 4433 431 4485 orl
455 4430 573 4485 uniuersi
594 4429 663 4486 cccli
712 4432 803 4484 stadie
814 4431 945 4500 nonagies
962 4433 1057 4499 septies
1075 4445 1184 4492 cnrtenu
1198 4442 1275 4494 milio

104 4493 261 4558 conplexum
282 4501 360 4568 qnasi
377 4500 472 4568 puncti
493 4499 580 4552 instar
596 4498 663 4552 obti-
713 4505 739 4553 ct
760 4499 813 4550 XX
827 4499 904 4552 milio
926 4500 1093 4559 ccxxxi.
1113 4507 1153 4562 S.
1171 4516 1197 4564 et
1220 4511 1277 4564 Vll

103 4571 177 4620 ΜΘ,
200 4567 268 4628 quod
281 4562 423 4632 κέντρον
440 4566 483 4620 illi
499 4571 604 4619 cocunt.
713 4567 854 4622 ciccrirnnc
874 4569 1014 4626 secundae.
