2950 4992
223 112 267 181 α
703 103 915 173 moreau
987 178 992 183 ,
1029 98 1033 214 j

314 280 321 297 ·
579 296 588 313 ·
1323 276 1330 291 ·
1369 278 1376 291 ·
1467 269 1470 314 t

225 289 406 450 dm
424 278 584 430 {arrimuSucd
602 281 661 438 stit,
678 272 1133 446 ¹Soli'iiioimid'cilicinisc'ieiiciisni
1155 274 1267 447 'vitellio
1278 296 1345 448 qquoii
1353 284 1392 427 sii
1466 403 1469 422 1

225 452 333 538 qenai,
363 449 508 513 tastum
526 448 587 513 cole
614 456 642 510 et
657 446 811 530 pietatm,
843 464 918 529 qstae
939 466 1006 508 oum
1027 466 1137 529 mopso
1162 446 1196 509 ia
1220 447 1392 531 parentem
1468 455 1471 492 ³

199 560 202 565 ·
226 547 254 602 et
271 534 467 621 propinquis,
496 542 559 595 tum
580 533 614 594 ia
631 532 734 614 patria
755 530 890 593 mma
911 539 958 593 est.
999 529 1047 593 Ea
1066 530 1128 593 cita
1145 532 1196 593 oia
1216 542 1257 594 est
1274 533 1308 595 iu
1329 552 1392 594 ccc·

225 621 288 684 tum
314 629 341 683 et
367 618 401 681 ia
426 617 506 679 huuc
535 627 647 680 coetum
672 636 775 679 eorum
802 614 857 698 qui
882 614 943 676 iam
966 614 1070 677 omero
1097 625 1123 677 et
1146 635 1271 700 corpore
1297 616 1394 679 menti

196 706 311 772 tuum
331 702 464 767 incolunt
481 701 578 765 tecum
598 721 683 784 qssem
701 699 798 772 uides,
825 697 998 780 significans
1017 697 1183 780 γαλαξίαν.
1226 699 1391 765 Sciendum

227 798 275 854 est
296 787 395 863 euim,
426 784 510 869 quod
530 784 630 856 locus,
663 782 696 844 ia
717 801 780 864 quo
801 780 858 844 sibi
881 782 1002 847 videtur
1027 803 1094 849 esse
1114 782 1215 867 Scipio
1233 804 1289 868 per
1306 785 1392 870 quie-

225 881 305 947 tem,
336 873 451 936 lacteus
477 866 609 930 circulus
634 872 696 942 est,
729 864 784 948 qui
808 865 965 945 γαλαξίας
990 875 1132 933 vocatur:
1169 867 1320 953 siquidem
1345 870 1392 934 his

224 957 327 1024 verbis
348 954 381 1017 in
408 949 559 1034 principio
577 949 693 1016 utitur:
737 949 914 1015 Ostendebat
938 962 1036 1016 amera
1059 952 1266 1039 Carttaqiaem
1285 956 1322 1019 de
1341 979 1392 1019 eoc-

224 1043 299 1107 cetso
324 1048 352 1101 et
371 1036 462 1121 pleno
488 1034 652 1109 stellarum
682 1034 794 1099 aare
820 1045 847 1100 et
872 1036 952 1100 claro
998 1037 1108 1102 uadem
1128 1040 1207 1115 loco,
1243 1046 1274 1103 et
1299 1041 1390 1124 paulo

225 1130 297 1209 post
321 1118 457 1204 apertius
482 1117 570 1182 dicit:
612 1118 691 1183 Erat
717 1130 815 1183 auten
840 1121 868 1185 is
894 1058 1130 1205 splendidissimo
1157 1124 1286 1188 caudore
1314 1125 1392 1189 iuter

221 1208 357 1295 flamm
382 1204 481 1269 οἰναα
505 1203 637 1279 elucens,
669 1223 754 1288 quem
777 1224 843 1278 vos,
873 1214 908 1267 ut
932 1228 953 1266 c
979 1204 1072 1269 Grais
1097 1210 1264 1306 accepistis,
1296 1210 1391 1275 orlaa

223 1295 349 1359 neem
366 1310 470 1353 auaou
521 1290 556 1353 is.
594 1288 647 1353 Eu
665 1309 723 1373 quo
747 1288 849 1351 osaaia
864 1287 943 1350 mitri
961 1298 1073 1351 contem
1094 1290 1169 1355 lactu
1186 1294 1348 1377 praeclara
1367 1304 1393 1358 et

223 1376 377 1443 miratelia
396 1376 430 1439 α’
499 1384 581 1437 atur.
622 1371 665 1435 Et
685 1370 723 1434 de
746 1370 805 1433 hoc
826 1370 951 1454 quidem
971 1312 1125 1459 ααλαᾶᾳ,
1148 1395 1218 1439 cum
1235 1376 1274 1441 de
1296 1378 1392 1447 circu·

225 1464 264 1529 lis
285 1460 462 1545 loquemur,
480 1457 603 1555 plenius
621 1454 814 1520 disseremus.
1037 1474 1040 1479 ¹
1230 1492 1231 1497 1
1406 1540 1407 1543 Ἴ
1451 1472 1453 1479 v

176 1558 228 1625 [rs]
313 1547 351 1612 V.
394 1543 455 1608 Sed
478 1563 555 1619 ram,
585 1539 731 1626 quoniam
755 1540 835 1605 inter
861 1538 955 1603 libros
978 1557 1055 1623 quos
1082 1537 1121 1603 dc
1144 1559 1177 1605 re
1199 1542 1321 1625 publica
1342 1546 1393 1611 Gi-

225 1652 297 1696 cero
340 1648 459 1713 uosque
476 1629 561 1711 prius
578 1626 668 1690 Plato
694 1624 858 1710 scripserat
882 1644 961 1709 quae
986 1623 1157 1689 differentia
1182 1646 1260 1710 quae
1283 1628 1392 1692 simili·

224 1716 302 1783 tudo
318 1651 473 1779 irabeatur
500 1711 722 1796 expressimus,
755 1718 788 1776 et
814 1730 868 1775 cur
888 1708 974 1794 operi
996 1728 1052 1773 suo
1073 1709 1122 1774 vel
1146 1710 1232 1774 Plato
1251 1712 1322 1776 Eris
1345 1712 1392 1776 in·

225 1799 340 1863 dicium
361 1797 410 1862 vel
428 1795 537 1861 Cicero
558 1796 712 1859 somnium
731 1793 883 1879 Scipionis
904 1792 1054 1867 asciverit,
1096 1794 1187 1859 uidve
1206 1795 1246 1858 sit
1267 1796 1305 1859 ab
1318 1797 1395 1881 Epi-

225 1881 326 1946 cureis
348 1876 503 1943 obiectum
525 1878 662 1951 Platoni,
691 1878 740 1942 vel
761 1877 1022 1963 quemadmodum
1043 1814 1151 1943 diirilis
1173 1878 1323 1944 calumnia
1346 1902 1396 1946 re·

226 1964 364 2037 iellatur,
391 1969 424 2025 et
444 1960 557 2044 quihus
577 1960 758 2025 tractatibus
777 1960 952 2045 philosophi
971 1961 1158 2028 admisceant
1176 1965 1223 2028 vel
1245 1964 1395 2049 aquibus

225 2046 350 2136 penitus
380 2044 545 2110 excludant
569 2043 723 2119 fabulosa,
756 2044 934 2121 retulimus,
968 2045 1196 2131 adiecimusque
1222 2057 1293 2131 post
1319 2048 1395 2115 haec

102 2170 110 2181 „
225 2129 398 2199 necessario
428 2147 541 2214 genera
568 2127 708 2193 omnium
739 2127 909 2210 imaginum
938 2148 1017 2211 quae
1049 2127 1126 2193 lalso
1153 2151 1295 2216 quaeque
1322 2154 1395 2200 vero

226 2217 370 2285 ridentur
388 2214 422 2280 in
441 2211 574 2293 somna,
601 2212 745 2299 ipsasque
772 2210 967 2278 distinximus
995 2212 1111 2299 species
1138 2216 1329 2285 somniorum
1356 2218 1395 2285 ad

291 2453 362 2508 liar.
382 2449 648 2513 assertricem]

219 2543 352 2609 fruantur
371 2538 422 2591 82.
461 2555 527 2590 aeuo
545 2540 696 2602 secuuntur
716 2532 871 2602 sempiterno
895 2531 926 2585 F.
961 2551 1027 2586 aeoa
1044 2551 1124 2604 semp.
1139 2540 1280 2603 fruamur
1302 2537 1338 2590 Η.
1360 2564 1394 2579 ·-

222 2616 283 2676 part
318 2605 428 2659 auleis.
450 2633 477 2644 -
497 2605 561 2673 quis
577 2605 613 2656 ait
629 2604 680 2655 ΕΙ.
715 2601 863 2669 quidest
881 2601 1021 2668 quiritis.
1039 2606 1321 2672 -signansR1,...
1338 2606 1395 2659 sea

223 2675 272 2739 ric]
311 2691 384 2725 omn.
403 2672 456 2739 111,
472 2676 489 2724 5
507 2680 536 2724 el
550 2677 575 2723 6.
592 2696 627 2710 ·-
640 2686 709 2737 quae
725 2668 804 2730 (add.
821 2681 841 2722 ι’
856 2685 911 2720 sec.
930 2686 966 2721 m.
985 2675 1056 2731 cum)
1075 2672 1273 2739 inperantibus
1289 2681 1313 2724 et
1329 2690 1395 2741 pra-

222 2742 331 2808 pinquis
353 2757 398 2791 ma
421 2757 457 2790 aa
477 2737 508 2791 F.
533 2767 561 2777 -·
583 2745 608 2791 et
630 2737 699 2789 launa
723 2742 799 2803 (sup.
819 2736 883 2788 add.
902 2737 944 2796 ia)
967 2737 1018 2788 Ru.
1040 2764 1075 2776 -
1094 2740 1184 2791 uisere
1206 2740 1274 2791 Mar·
1292 2740 1394 2794 ιιι-1311.

223 2808 358 2859 aixerunt
377 2756 446 2873 ciffi
462 2806 491 2857 iu
503 2804 596 2857 Sama.
612 2806 632 2855 l.
645 2820 668 2856 c.
687 2804 756 2855 Mas.
776 2811 804 2855 et
820 2803 882 2855 edd.
900 2820 1005 2855 omncs.
1040 2805 1169 2860 vicerint
1185 2808 1277 2858 catch.
1297 2834 1330 2846 -
1346 2825 1394 2859 re·

223 2874 312 2925 laxati
333 2872 403 2924 Bra.
435 2900 470 2911 -
495 2874 571 2923 illum
594 2889 649 2924 om.
671 2888 732 2937 up·
758 2896 792 2909 ·-
817 2873 901 2922 locum
924 2872 1042 2923 incolunt
1062 2872 1098 2924 G.
1121 2899 1153 2911 -
1177 2876 1335 2941 significant
1362 2874 1393 2927 F.

223 2942 317 2991 Verba
332 2939 488 3008 significans
504 2941 637 3008 galaxian
654 2938 683 2989 in
701 2955 733 3005 sp
751 2955 804 2990 noa
819 2946 895 2993 recte
913 2938 1021 3001 eadem,
1036 2954 1089 3003 qua
1106 2942 1309 3005 antecedentia,
1329 2940 1396 2995 lite·

223 3024 319 3061 rarum
338 3008 428 3059 forma
443 3006 541 3071 scribi,
558 3005 636 3073 qnasi
654 3005 795 3074 Scipionis
813 3004 944 3057 continua
961 3005 1046 3057 verba
1063 3012 1164 3070 essent,
1182 3007 1289 3058 monuit
1306 3009 1395 3061 Gran.

224 3102 258 3117 ·-
275 3075 410 3145 galaxian
425 3073 494 3125 Mea.
512 3081 541 3125 et
557 3074 628 3125 an.
779 3076 805 3125 ὁ.
840 3080 878 3127 est
894 3080 997 3124 autem
1016 3072 1046 3123 F.
1066 3097 1098 3109 -
1116 3074 1220 3124 uidetur
1236 3074 1318 3138 scipio
1336 3090 1396 3127 esse

224 3142 256 3223 1³}
271 3210 277 3224 ι
291 3158 347 3195 esse
363 3142 468 3193 uidetur
487 3141 576 3207 Scipio
592 3139 663 3191 Edd.
681 3139 776 3191 Puni.
796 3166 828 3177 -
849 3139 980 3219 galasius
996 3138 1110 3218 Mamet
1127 3138 1196 3190 Edd.
1212 3167 1245 3177 —
1267 3140 1295 3189 ia
1311 3142 1394 3206 prin-

223 3204 684 3345 ttt‘fstl„¹.³l·11‚·⁶.⁰l‘⁶d‘lttl
697 3205 947 3335 {ttulistis
966 3206 1131 3323 ‘tltttt't
1146 3205 1176 3323 ἐἶ’
1189 3208 1396 3329 ἦαΕ-’Ἳεέῖἱὶξ

223 3343 413 3407 assaturae
447 3343 497 3395 aad
520 3342 614 3395 Sama.
638 3342 658 3393 l.
677 3358 701 3392 c.
724 3342 791 3393 Moe.
816 3356 922 3392 amnes.
961 3340 1073 3391 circulus
1097 3339 1331 3393 Rl2EddBSPG.
1359 3369 1395 3381 -

223 3412 350 3483 agragis
367 3410 401 3462 B.
437 3412 580 3480 agragiis
602 3409 652 3460 ΕΙ.
669 3435 703 3446 -
720 3409 853 3475 accepisti
871 3409 899 3459 lr.
918 3432 952 3445 -
974 3407 1118 3460 nominatis
1136 3414 1212 3474 [sup.
1232 3410 1275 3461 oet
1288 3426 1395 3461 nuncu-

221 3482 308 3547 patis)
326 3480 376 3530 Ru.
393 3507 426 3518 -
444 3479 510 3530 milri
527 3478 616 3529 amaia
634 3492 694 3543 ν-ς.
712 3502 746 3514 -
804 3477 879 3528 tasio
895 3474 964 3526 Mse-
983 3479 1011 3525 et
1027 3473 1099 3524 Edd·
1117 3502 1151 3513 -
1165 3493 1223 3527 aum
1301 3476 1395 3544 loque-

223 3545 291 3613 mur]
310 3563 333 3597 o.
353 3550 395 3597 15.
411 3573 448 3586 -
463 3547 605 3611 loquimur
624 3550 700 3610 (sup.
718 3548 747 3604 e]
763 3493 817 3593 ii&
834 3569 868 3580 —
886 3542 1081 3594 edisseramus
1100 3547 1175 3609 (rap.
1194 3549 1222 3602 e)
1238 3544 1304 3595 Ru.-

291 3628 324 3678 V.
363 3630 451 3696 Caput
471 3632 504 3681 V·
542 3630 708 3694 Quamquam
726 3642 814 3677 omues
830 3626 934 3679 numeri
950 3626 1027 3677 moda
1043 3627 1157 3693 modam
1173 3628 1247 3693 pleni
1264 3627 1331 3689 sint,-
1347 3633 1395 3679 aa·

222 3710 283 3746 mea
300 3696 477 3759 septenarium
493 3701 519 3746 et
536 3695 697 3746 octonarium
710 3694 882 3761 peculiariter
895 3694 988 3760 plenos
1005 3692 1072 3755 dicis
1090 3710 1220 3761 quamque
1237 3695 1268 3744 ab
1284 3711 1397 3746 causam

223 3762 373 3815 ademarius
389 3761 483 3826 plenus
496 3769 610 3813 oocmur.
627 3760 703 3811 cli-o.
848 3764 873 3811 1.
907 3776 1013 3826 quosue
1033 3772 1092 3827 mg.
1110 3788 1138 3799 —
1157 3761 1237 3813 aeris
1254 3761 1265 3811 i
1270 3761 1396 3812 odicium

222 3833 256 3881 vl
276 3828 336 3893 (vsi
354 3826 428 3892 eris).
464 3828 520 3878 Eri
536 3828 662 3878 indicium
679 3826 745 3905 cinq.
779 3827 930 3878 redivivi
947 3827 1011 3877 Eric
1028 3827 1083 3879 iud.
1101 3828 1176 3891 „Me
1192 3826 1326 3892 optimus,
1341 3844 1397 3879 nec

222 3896 349 3950 sustineo
372 3893 525 3962 repellere:
556 3893 632 3944 vitae
655 3893 794 3944 redditum
816 3909 901 3961 supra
926 3893 961 3959 [c.
978 3897 1008 3957 1,
1036 3893 1107 3959 Η]
1126 3894 1224 3949 dixit.“
1254 3894 1339 3945 Gran.
1363 3922 1393 3934 -·

222 3966 319 4036 quidue
336 3969 403 4025 (om.
421 3962 470 4022 rit)
488 3958 521 4009 F.
540 3987 572 3997 -
589 3961 642 4011 ccl
657 3961 820 4013 admisceant
837 3962 879 4013 uel
895 3957 929 4011 Β.
945 3987 979 3998 -
996 3960 1233 4042 adiiciemusque
1251 3977 1277 4012 v.
1294 3988 1329 4001 -
1346 3978 1398 4014 ue-

222 4034 340 4088 cesraria
358 4031 411 4083 112
426 4055 458 4069 -
477 4044 613 4099 quaeque
624 4027 701 4094 salsa
716 4026 767 4079 Βῆ.
786 4054 814 4065 -
831 4028 859 4082 ia
877 4028 998 4080 romeriis
1014 4028 1103 4097 v-gG.
1121 4056 1150 4067 -
1167 4029 1297 4097 ipsisque
1312 4026 1345 4081 B.
1359 4056 1396 4067 -

254 4252 280 4301 4.
314 4249 384 4303 luae
400 4254 498 4301 certum
516 4246 601 4299 locum
618 4246 664 4314 qui
681 4244 781 4326 eit0ds-
833 4244 911 4326 quod,
929 4246 958 4295 et
973 4246 1031 4326 net.
1048 4260 1106 4309 req.
1124 4272 1155 4283 -
1172 4244 1237 4297 Huc
1254 4245 1398 4311 pertinere

220 4317 343 4399 Μ]
553 4318 782 4433 Μαῖα
831 4311 1400 4445 stromensemtec:eta

219 4384 294 4501 iiiiii.
309 4385 446 4515 nilorriiiui
463 4388 654 4504 SicSiileirdiitit
677 4457 715 4504 ea
735 4483 779 4503 ...
832 4447 875 4500 uis
890 4447 1054 4515 exprimitur.
1105 4396 1122 4449 q
