2950 4992
177 188 235 256 DE
258 186 365 254 DlFF.
385 186 441 253 ET
463 182 553 254 SOC.
575 182 734 252 aarum
755 184 937 267 tauma.
958 187 1094 256 VERBI.
1135 191 1189 256 111.
1232 190 1296 259 235

130 356 240 439 ΞΨ,
273 349 377 435 artae
405 351 483 436 tac.
524 356 618 443 Apud
639 355 782 436 Latinos,
821 374 955 443 quorum
975 360 1095 426 nullum
1114 360 1242 428 verbum
1264 362 1326 439 in4
1399 344 1408 359 ⁵

127 445 250 511 finalem
282 444 428 531 syllabam
459 443 594 508 admittit
623 446 800 520 accentum,
840 452 962 509 cessant
995 446 1185 513 differentiae
1220 468 1297 533 quas

127 530 209 617 apud
230 530 364 597 Graecus
389 528 603 595 circumflexus
623 529 762 615 gravisve
782 526 934 605 lecerunt,
956 550 1089 614 quorum
1109 532 1240 599 alterum
1262 534 1297 599 iu

128 617 228 683 verbis
253 616 380 682 ultimae
403 614 533 679 alterurn
557 614 764 700 paenultimae
786 613 947 679 Graeciam
968 614 1102 681 diximus
1123 616 1297 704 deputasse.

22 742 27 749 ι
126 704 235 769 Restat
256 702 351 787 igitur
373 700 404 765 in
426 699 474 765 his
493 698 651 766 Latinitati
673 721 754 766 unus
775 708 932 778 accentus,
971 722 1095 785 gmvcm
1118 701 1203 780 dico,
1241 705 1345 789 qui5¹

127 791 213 855 solus
234 790 374 854 Romana
403 786 494 852 rerba
522 787 650 852 sortitus
677 795 738 852 est:
777 786 831 851 sed
860 785 919 853 hoc
948 788 1107 872 preprium
1133 788 1165 852 in
1195 790 1297 855 serbis

126 875 244 941 Latinis
267 873 375 951 habet,
405 872 490 959 quod
512 894 575 938 ncu
603 892 742 959 semper,
774 880 810 937 ut
830 872 912 959 apud
932 871 1083 951 Graccus,
1115 874 1173 939 ubi
1194 874 1297 953 luerit,

127 961 160 1027 in
186 960 408 1047 paenultimam
438 959 585 1045 syllabam
608 960 703 1038 cadit,
744 958 798 1025 sed
819 978 910 1044 saepe
931 965 965 1024 et
985 979 1003 1025 a
1025 959 1086 1026 fine
1107 959 1229 1025 tertiam
1252 970 1298 1027 te·

127 1054 196 1124 nat,
232 1052 267 1110 ut
293 1066 401 1142 cypero
428 1047 533 1131 resera
577 1043 669 1122 Quod
691 1045 773 1129 apud
795 1042 931 1109 Graecos
951 1067 1013 1111 uon
1041 1054 1145 1133 petest
1163 1048 1327 1126 eveniret

127 1130 208 1217 apud
229 1151 307 1216 quos
329 1151 361 1194 m
380 1129 537 1195 communi
565 1129 669 1216 lingua
691 1129 758 1195 lieri
786 1150 848 1195 uon
870 1137 987 1215 potest,
1017 1141 1068 1209 ut,
1098 1154 1168 1198 cum
1197 1134 1298 1199 finalis

128 1216 243 1301 syllaba
265 1215 355 1301 longa
377 1222 434 1292 est,
456 1216 566 1281 tertius
590 1236 606 1280 a
630 1216 691 1281 fine
711 1215 863 1280 habeatur
880 1219 1036 1281 accentus:
1053 1219 1097 1281 >u
1120 1227 1224 1285 autern
1244 1242 1299 1285 aa·

128 1301 270 1367 turaliter
294 1298 384 1386 longa
405 1308 465 1365 est:
493 1322 567 1387 crgo
588 1322 758 1387 numquam
779 1309 923 1366 accentus
944 1302 977 1365 iu
998 1302 1177 1368 huiusmodi
1196 1306 1299 1371 verbis

128 1385 209 1471 apud
231 1385 301 1451 illos
327 1386 508 1451 intertium
531 1386 660 1471 gradum
686 1387 871 1473 syllabarum
900 1387 1023 1454 recedit
1065 1387 1193 1473 Singula
1219 1397 1326 1461 tem-'l

128 1492 204 1559 pora
227 1470 415 1537 Graecarum
439 1472 604 1537 uerborum
627 1494 691 1538 non
713 1472 909 1558 simpliciter,
946 1472 1028 1538 sicut
1045 1474 1195 1539 Latinitas
1215 1495 1299 1540 cem·

129 1558 241 1643 pendia
262 1558 377 1635 utitur,
398 1556 611 1643 proferuntur:
634 1566 680 1633 et,
701 1565 737 1623 ut
756 1557 888 1643 exempli
907 1578 999 1623 causa
1020 1558 1115 1624 unius
1134 1560 1220 1625 uerbi
1246 1561 1299 1627 de-

128 1643 252 1708 clinatio
275 1651 408 1720 notetur,
427 1639 537 1707 τύπτω
559 1643 727 1728 perlectum
748 1642 821 1708 lacit
837 1640 970 1728 τέτυφα,
989 1651 1020 1708 et
1041 1645 1182 1730 sequitur
1203 1646 1298 1712 altera

128 1729 266 1795 eiusdem
289 1729 438 1814 temporis
460 1728 633 1806 declinatio,
653 1728 738 1815 quod
759 1728 895 1795 medium
918 1728 1087 1814 perlectum
1109 1738 1229 1809 vocant,
1248 1730 1298 1796 τί-

127 1834 230 1879 τοπα.·
256 1814 330 1878 item
355 1814 726 1900 plusquamperfectum
751 1808 933 1898 ίτττύφειν,
956 1814 1091 1879 medium
1113 1814 1299 1901 plusquam

127 1898 297 2050 perlectum
321 1894 495 1963 ίτττύττετν·
538 1895 693 1985 ἀορίστου
715 1898 833 1980 tenea,
863 1896 966 1982 μέσου
986 1895 1142 1985 ἀορίστου
1165 1898 1300 1969 tieem:

129 1992 266 2083 ‘uturum
287 1984 421 2072 primum
444 1984 516 2051 iacit
534 1980 638 2065 adua,
659 1984 797 2053 futurum
817 1984 988 2053 secundum
1006 1987 1106 2051 svaei.
1150 1985 1300 2057 Similiter

127 2091 160 2135 su
182 2070 303 2156 passivo
322 2070 480 2137 variantur
501 2078 650 2159 tempera.
1039 2115 1042 2121 ,

1125 2225 1190 2288 [Ed.
1209 2241 1231 2277 s.

126 2324 198 2361 mara
216 2324 270 2362 esse
286 2310 425 2361 uoluerunt
437 2308 653 2379 praecedentibus
671 2305 706 2375 Ξ,
729 2306 767 2373 Ψ,
783 2299 878 2373 ciliga,
897 2301 966 2374 byca.
1009 2310 1036 2359 4.
1070 2312 1124 2368 (6.)
1145 2311 1224 2376 Apud
1245 2310 1300 2361 La·

126 2376 196 2429 tirsus
215 2394 323 2445 quorum
340 2379 442 2430 nullum
461 2379 566 2429 uerbum
584 2377 611 2426 iu
620 2377 734 2441 finalem
752 2376 881 2441 syllabam
900 2375 1017 2428 admittit
1035 2385 1179 2441 accentum,
1198 2384 1302 2431 cessant

127 2446 309 2513 differentiae,
341 2462 407 2512 yuas
425 2444 499 2511 apud
520 2445 634 2495 Graecos
654 2443 835 2506 circumflexus
857 2444 1003 2509 gravisque
1019 2446 1156 2507 fecerunt,
1190 2462 1300 2510 puerum

128 2514 241 2565 alterum
257 2515 284 2563 iu
302 2515 387 2563 uerbis
404 2513 529 2571 ultimae,
547 2511 659 2561 alterum
675 2510 840 2576 penultimae
861 2510 1001 2559 Graeciam
1018 2510 1133 2561 diximus
1149 2512 1300 2578 deputasse.

128 2580 153 2628 5.
192 2578 285 2630 Restat
301 2581 389 2646 igitur
409 2578 552 2629 Latinitati
568 2578 597 2627 irs
614 2577 656 2627 bis
673 2592 744 2625 unus
760 2583 895 2636 essecutus,
925 2592 1039 2643 grauem
1057 2579 1129 2641 dica,
1163 2581 1210 2645 pai
1229 2581 1302 2632 selus

130 2646 253 2697 Ramaua
269 2648 348 2696 uerba
363 2648 470 2697 sortitus
489 2652 542 2705 est‚·
564 2644 610 2695 sed
627 2642 674 2693 bac
689 2642 825 2710 proprium
842 2643 870 2692 in
888 2645 973 2693 uerbis
993 2644 1097 2695 Latinis
1116 2646 1208 2711 babet,
1231 2650 1301 2715 paud

128 2730 181 2765 aaa
199 2729 307 2779 semper,
326 2722 355 2765 ut
372 2714 445 2779 apud
466 2712 588 2773 Graecas,
607 2710 652 2760 ubi
664 2712 759 2775 fuerit,
773 2711 801 2760 iu
817 2711 993 2775 penultimam
1007 2713 1137 2778 syllabam
1155 2715 1237 2776 cadit,
1255 2718 1302 2767 sed

129 2796 208 2847 saepe
231 2779 295 2847 [om.
315 2778 349 2846 ct]
373 2797 390 2830 a
402 2780 461 2845 flue
482 2780 586 2830 tertiam
606 2785 688 2841 tecet,
719 2784 749 2829 ut
771 2792 894 2845 aggere,
920 2779 1027 2829 sciero:
1070 2784 1096 2829 6.
1132 2783 1202 2847 quad
1228 2785 1302 2850 apud

134 2850 249 2899 Graecas
265 2864 318 2897 aurs
333 2854 418 2914 potest
438 2848 555 2911 euenire,
586 2847 659 2913 apud
677 2862 742 2913 quas
757 2846 785 2896 iu
802 2848 933 2897 cummuni
949 2848 1046 2915 lingua
1057 2849 1122 2914 fieri
1136 2866 1188 2900 aaa
1203 2859 1301 2917 petest,

129 2923 174 2980 ut,
197 2932 254 2965 cum
266 2916 361 2979 finalis
381 2914 485 2981 syllaba
502 2916 586 2983 longa
603 2922 655 2978 est,
677 2915 771 2966 tertius
789 2932 806 2965 u
816 2914 876 2978 fiae
892 2914 1022 2965 babeatur
1037 2925 1165 2966 accustus.
1204 2917 1232 2969 db
1248 2937 1301 2970 au-

130 2991 183 3036 tem
199 2983 361 3035 naturaliter
377 2983 496 3051 lengum
517 2986 561 3043 ¹²)
579 2989 625 3042 est,
645 2998 708 3050 erga
724 2996 867 3047 numquam
885 2989 1007 3033 accentus
1026 2984 1053 3033 iu
1071 2984 1222 3035 buiusmcdi
1240 3003 1301 3037 uer·
1385 3030 1388 3033 .

130 3052 171 3104 bis
192 3051 264 3119 apud
287 3052 349 3103 illus
369 3052 396 3101 in
414 3052 520 3103 tertium
542 3050 659 3118 gradum
677 3051 839 3116 syllabarum
857 3051 965 3101 recedit.
1002 3050 1066 3101 Sed
1090 3052 1130 3101 ud
1151 3055 1301 3120 preposi-

129 3126 196 3173 tum
217 3126 428 3170 reuertumur.
468 3118 610 3169 Omnium
633 3118 935 3185 igituruerbarum
962 3119 1049 3186 apud
1074 3118 1215 3171 Latinas
1239 3138 1301 3172 am·
1364 3132 1371 3145 ·

129 3188 208 3239 uiue
227 3187 486 3256 coniugatiaues
504 3192 661 3237 suuttres
679 3188 738 3249 Η),
771 3185 959 3251 inquibus,
993 3202 1062 3235 cum
1080 3188 1210 3238 uallum
1228 3205 1301 3241 eer-

129 3257 203 3309 bum
220 3255 252 3307 iu
265 3256 355 3318 fine,
372 3261 407 3306 ut
423 3254 584 3317 dicimus,
601 3253 721 3305 babeat
737 3259 919 3315 accentum,
945 3252 1176 3317 diffareatias
1191 3262 1301 3309 tamese

130 3324 408 3391 cauisrgaticuum
430 3339 491 3373 acu
510 3321 680 3388 inprime,
716 3321 776 3371 sed
794 3319 827 3369 ia
848 3322 990 3371 secuuda
1007 3336 1149 3387 persana
1170 3323 1301 3376 Graeca

130 3394 322 3509 yuaerimus
348 3390 512 3456 eacmpla,
547 3388 633 3455 quad
656 3387 744 3455 apud
763 3386 850 3437 illas
871 3388 905 3438 iu
931 3388 1014 3439 salis
1040 3388 1301 3453 circumflesils‘·

154 3476 190 3509 us
209 3462 254 3518 ¹⁴)
276 3458 447 3508 obseruari
467 3456 558 3507 salet.
597 3454 704 3506 Prima
726 3467 807 3524 erga
826 3454 1027 3507 Latinorum
1051 3457 1250 3525 coniugatio
1266 3460 1303 3511 s'ss
1404 3461 1407 3467 '

131 3528 275 3579 secunda
292 3540 435 3591 persana
449 3523 580 3590 primae
598 3522 783 3589 positionis
800 3523 899 3573 uerba
922 3524 1033 3574 actius
1054 3531 1087 3575 et
1105 3533 1223 3576 neutra
1244 3525 1302 3578 be·

130 3595 191 3646 bet.
227 3594 317 3644 A...
355 3592 492 3659 lgraui
514 3596 649 3640 accentu
675 3596 764 3641 suut.
816 3594 841 3640 7.
877 3595 931 3651 (t.)
954 3590 1072 3658 Singula
1094 3599 1212 3659 tempure
1237 3591 1303 3661 [cre.

135 3662 294 3712 Graecorum
310 3659 456 3725 amborum]
474 3676 528 3709 uara
545 3658 698 3721 simpliciter
715 3657 781 3722 [am.
803 3658 870 3709 sieut
947 3658 1041 3723 utitur]
1058 3662 1244 3724 preferuntur,
1268 3672 1303 3727 et,

131 3734 162 3780 ut
180 3726 291 3793 exempli
308 3743 390 3777 causa
406 3726 485 3777 auius
503 3726 576 3776 uerbi
593 3725 735 3777 declinatio
753 3731 871 3790 cratetur,
902 3718 997 3775 τύπτω
1010 3729 1155 3793 perfectum
1165 3764 1169 3771 ¹
1171 3731 1245 3792 facit
1261 3726 1305 3781 ct-

131 3798 219 3863 τοφα,
238 3802 262 3845 τί
277 3794 395 3861 sequitur
411 3796 496 3845 ultera
514 3793 628 3844 eiusdem
643 3793 768 3859 temporis
789 3795 833 3853 ¹⁵)
852 3792 1004 3852 declinatis,
1021 3795 1092 3861 paud
1109 3796 1224 3845 medium
1239 3813 1303 3861 pcr-

126 3867 228 3931 sectum
245 3868 353 3923 uocant,
381 3855 493 3911 τέτοπα.
530 3860 594 3912 ltem
611 3860 896 3927 plusquamperfectum
913 3854 1065 3928 ἔτετοίφειν,
1095 3864 1210 3912 medium
1225 3864 1303 3929 plus·

131 3932 361 4011 yuampcrfcctuuy
375 3922 525 4009 ἐτετίττρισς
547 3920 676 3993 ἀορίστου
695 3923 799 3995 lecca,
820 3923 906 4007 μέσον
921 3921 1180 4016 οίορίοτοοίτυτεορ.
1217 3930 1304 4010 Futu-

130 3996 1305 4134 tt'tt'ltlstills-ittttltttttttttttt·,stttstttsttttttts

165 4206 192 4252 6.
226 4201 272 4269 yui
290 4236 314 4250 ..
331 4199 440 4251 sortitus
456 4197 502 4264 est]
527 4193 569 4247 Cf.
588 4196 677 4264 prael.
743 4199 770 4261 4,
789 4196 819 4263 §b
837 4200 864 4262 ³,
882 4197 909 4257 4,
928 4200 964 4259 6.,
987 4214 1012 4249 c.
1027 4202 1054 4258 6,
1073 4197 1103 4262 §5
1119 4201 1137 4247 ’ί
1156 4202 1185 4249 at
1203 4200 1259 4261 143
1278 4216 1304 4253 e.

168 4272 194 4318 6.
233 4269 360 4325 acutam
374 4266 534 4319 naturaliter
552 4265 634 4333 leuga
645 4262 692 4333 cst]
743 4269 776 4328 9,
801 4264 830 4330 §b
851 4269 865 4315 l
886 4271 914 4316 ct
930 4268 970 4325 3.,
1000 4265 1047 4316 scd
1068 4265 1152 4315 etium
1173 4266 1305 4320 feminini
1372 4292 1378 4301 ·

134 4334 321 4391 Eudlichcrus
354 4332 460 4402 recepit
493 4332 520 4384 id
556 4332 628 4401 quud
664 4332 693 4383 in
744 4332 858 4400 generis
876 4349 929 4383 uun
950 4332 1051 4383 desunt
1066 4334 1208 4399 exenrplu,
1231 4343 1262 4386 ut
1279 4353 1303 4399 c,

135 4402 197 4453 cad.
209 4404 230 4451 V
244 4404 362 4469 aprima
373 4418 454 4455 manu
466 4408 509 4453 est
527 4406 693 4463 correctum,
743 4404 770 4462 6,
785 4400 798 4465 y
816 4402 852 4462 5.,
871 4397 919 4449 ubi
936 4399 993 4449 vid.
1009 4405 1067 4451 net.
1102 4401 1164 4451 Hac
1182 4403 1244 4452 l'nco
1265 4402 1305 4464 (si

134 4470 270 4535 longum,
297 4476 326 4520 et
341 4486 408 4521 sane
425 4471 591 4535 plerumque
609 4466 638 4519 in
659 4467 695 4519 li·
744 4467 818 4519 torte
844 4465 947 4525 mavis)
973 4472 1089 4549 propter
1111 4470 1307 4532 antecedentis

134 4536 207 4590 teris
233 4534 274 4587 sic
295 4534 436 4599 insanitur
459 4542 622 4603 usurpatum
644 4551 695 4603 ge·
745 4538 840 4608 potest
856 4534 983 4605 intelligi
1000 4538 1088 4607 lunga
1106 4536 1226 4608 syllaba.
1261 4600 1264 4606 ¹
1291 4598 1295 4606 ⁴

134 4622 189 4661 aas
207 4606 337 4657 neutrum
353 4599 383 4655 iu
399 4602 455 4656 huc
470 4602 585 4671 libella,
616 4606 648 4656 ut
670 4618 694 4675 τ,
747 4665 750 4671 Ι
796 4642 800 4651 .
1253 4617 1257 4623 ’
