2950 4992
228 185 293 255 258
710 180 918 251 Mauuouu

231 355 364 425 οοωιοθο
384 354 500 423 seiliaet
520 372 668 438 persona,
704 360 760 419 aut
782 352 814 418 in
837 354 946 417 Haut
967 352 999 416 in
1021 354 1053 415 A
1077 360 1132 419 aut
1154 351 1187 418 in
1214 350 1280 417 ΟῬ
1298 362 1360 419 aut
1384 352 1419 419 in

181 448 288 531 [araJE
305 451 360 508 aut
380 442 411 506 in
437 442 490 505 01
505 439 698 505 terminatur.
741 439 845 504 Prima
862 438 921 503 tria
943 437 981 502 ad
1002 438 1217 523 perispomena
1240 439 1419 525 pertinent,

229 526 299 596 viae
318 526 396 610 τίμα
416 522 536 607 iiiior:
556 532 701 610 quartum
724 525 762 590 ad
784 525 941 609 barytona,
962 519 1033 605 λέγε
1053 520 1180 609 γράφει
1223 526 1352 590 uintum
1377 527 1417 590 ad

201 614 323 681 brerba
346 610 388 675 τὰ
406 610 452 685 εἰς
469 611 545 689 ΜΙ,
578 617 613 675 ut
635 609 747 675 ἴσταθι
772 605 895 693 ὄμνυθι
917 606 1012 694 φάθι.
1057 609 1117 674 Sed
1143 618 1175 675 et
1198 544 1249 675 iila
1272 611 1416 677 similem

187 757 191 762 .
230 700 346 765 habent
367 695 535 761 terminum
556 715 689 781 quorum
714 696 883 761 infinitivus
904 695 936 759 in
960 696 1051 758 NAI
1069 695 1146 773 exit,
1177 695 1236 760 etsi
1258 718 1323 761 non
1348 698 1418 762 sint

230 786 296 851 τῶν
318 782 364 858 εἰς
385 784 462 861 MI,
497 781 595 864 βῆναι
616 782 714 866 βῆθι,
752 782 894 865 νυμῆναι
919 776 1057 863 νύμηθι,
1094 780 1238 863 δαμῆναι
1263 779 1419 867 tappet.-

231 876 359 953 exaepta
381 876 454 933 sunt
473 862 560 932 εἶναι
581 867 698 933 δοῦναι
714 871 835 932 θεῖναι.
880 866 1027 933 Ceterum
1050 864 1241 950 νενοηκέναι
1264 870 1309 934 rel
1332 869 1416 935 huie

232 955 343 1023 similia
364 962 400 1019 ut
422 953 518 1037 magis
537 949 672 1037 νενόηκι
690 950 871 1037 aaronitae
891 958 984 1038 quarn
1007 947 1143 1035 νενόηθι
1165 951 1269 1031 iaciat,
1303 955 1416 1019 multi-

149 1105 153 1112 ,
232 1042 304 1129 pler
326 1038 404 1105 ratio
426 1040 520 1123 cogit:
541 1037 580 1103 de
603 1059 662 1123 qua
684 1053 782 1103 unum
805 1059 862 1125 pro
884 1036 1026 1121 exemplo
1049 1049 1266 1123 argumentum
1289 1060 1415 1125 ponere

233 1149 295 1192 non
318 1124 442 1212 pigebit.
485 1121 575 1201 Quae
597 1123 630 1188 in
656 1126 710 1188 ΘΙ
725 1136 842 1196 exeunt
862 1122 901 1187 ab
924 1122 1052 1187 infinitis
1074 1124 1107 1187 in
1130 1126 1223 1187 NAI
1238 1123 1414 1190 desinenti·

233 1213 292 1279 bas
311 1230 437 1276 necesse
458 1215 562 1275 estut
583 1208 646 1274 sint
667 1208 883 1274 infinitis-suis
906 1204 1119 1291 ἰσοσύλλαβον,
1161 1206 1285 1293 νύμηθι
1309 1213 1412 1295 νομῆ-

233 1320 306 1375 ναι,
326 1291 452 1393 δύμηθι
473 1293 632 1393 δαμῆναι,
653 1295 734 1393 βῇθι
754 1295 868 1379 βῆναι·
891 1293 1051 1395 mesolabi
1071 1302 1173 1360 autem
1195 1292 1413 1379 πεποιηκέναι

206 1380 829 1551 aiiiiiimoesibniriiimiiuiniiaiii
849 1380 1264 1551 iiiililliuiiiiiii'ii
1279 1382 1413 1533 iiiiii

234 1540 352 1619 abieoto
373 1550 500 1629 ultima,
537 1562 659 1617 eantare
680 1564 781 1629 canta,
808 1572 927 1617 manere
946 1574 1048 1627 meae,
1075 1552 1169 1635 tepere
1188 1552 1262 1637 lopo,
1294 1554 1414 1619 ambr're

235 1639 325 1716 ambi,
342 1639 423 1723 serre
440 1639 497 1723 ser,
518 1659 578 1703 esse
596 1661 634 1714 es,
656 1645 689 1703 et
707 1639 778 1703 oder
794 1645 826 1703 et
836 1637 958 1724 prodes,
972 1672 1014 1682 --
1028 1636 1179 1702 Lucilius:
1201 1638 1316 1703 Prode:
1331 1641 1414 1703 ami·

235 1726 296 1796 eis:
330 1722 495 1807 Virgilius:
526 1723 596 1788 Hae
617 1723 702 1801 ades,
726 1746 744 1789 ο
769 1724 897 1797 Lenaee:
930 1722 1109 1787 Terentius:
1137 1723 1225 1788 Bono
1245 1725 1352 1801 animo
1371 1747 1414 1789 es.

205 1806 277 1874 8-
296 1811 396 1896 [οοαι
414 1808 496 1893 soce,
533 1809 631 1874 dicere
650 1810 730 1885 debe,
767 1816 799 1874 et
827 1828 882 1893 per
903 1827 1067 1906 syncopam
1095 1810 1160 1893 sac,
1195 1808 1252 1873 clia.
1297 1808 1412 1875 Graeci

235 1893 389 1960 secundae
409 1914 559 1979 personae
579 1893 682 1959 addita
709 1896 773 1958 Tse
797 1894 911 1979 syllaba
932 1901 1055 1959 tertiam
1078 1893 1216 1958 eiusdem
1238 1896 1413 1980 praesentis

236 1980 383 2055 effitiunt,
404 1978 491 2041 ποίει
510 1979 653 2058 ποιείτω,
674 1979 752 2063 τίμα
770 1975 901 2062 τιμάτω,
923 1974 1047 2063 gabaae
1068 1974 1247 2063 χρυσούτω,
1268 1976 1341 2063 λέγε
1362 1984 1413 2044 λε·

236 2061 327 2149 piros.
371 2062 466 2141 Quod
486 2063 512 2129 si
532 2064 666 2130 secunda
687 2066 719 2130 in
745 2067 798 2129 ar
814 2064 913 2143 desiit,
935 2065 1032 2150 ipsam
1056 2070 1155 2129 mutat
1174 2065 1207 2129 in
1235 2066 1310 2145 Tse,
1327 2068 1414 2149 βῆθι

236 2146 341 2234 βήτω.·
374 2151 434 2211 ΤΕ
449 2168 524 2214 vero
545 2150 690 2235 syllabam
713 2149 892 2215 adiicientes
914 2150 1067 2235 praesenti
1091 2150 1250 2233 singulari,
1276 2151 1414 2237 impera·

236 2236 301 2303 tivo
322 2233 473 2321 pluralem
493 2234 625 2313 iaciunt,
650 2235 737 2300 ποίει
757 2240 891 2314 ποιεῖτε,
920 2232 983 2318 βόα
1002 2235 1114 2318 βοᾶτε,
1142 2233 1241 2320 δήλου
1262 2237 1414 2321 θηλοῦτε,

236 2318 334 2386 τύπτε
357 2314 505 2386 abarae:
543 2321 666 2386 tertiam
696 2321 845 2407 pluralem
874 2321 989 2385 faciunt
1015 2320 1153 2386 addendo
1174 2324 1280 2385 ΣΑΝ
1295 2323 1413 2388 tertiae

100 2432 115 2451 ·
208 2406 394 2492 lisingulari,
413 2402 544 2470 τοιούτω
562 2407 766 2471 ποιείτωσαν.
810 2408 902 2471 Hane
918 2406 1159 2484 declinationem,
1178 2426 1255 2491 quae
1274 2406 1411 2472 decursa

238 2501 301 2571 ost,
323 2490 433 2558 Graeoi
455 2490 578 2559 duobus
599 2492 691 2560 simul
713 2493 904 2579 temporibus
926 2492 1101 2579 adsignant,
1122 2492 1245 2557 instanti
1264 2500 1296 2557 et
1315 2513 1411 2579 prae·

307 2642 361 2695 Ma.
381 2640 430 2706 Ρ.]

235 2731 262 2779 5.
298 2746 316 2780 α
338 2728 419 2779 verbo
443 2726 476 2779 P.
629 2732 656 2780 6.
690 2722 786 2797 εἶναι,
812 2728 925 2795 δοῦναι,
950 2728 1040 2781 θῖναι
1061 2727 1164 2780 Eddf.
1205 2726 1409 2797 corrigendum

237 2812 301 2847 esse
317 2795 412 2847 θεῖναι
429 2792 573 2848 sibiliam
591 2795 695 2885 Opsop.
729 2798 824 2849 lisivae
841 2798 886 2849 vel
903 2796 1002 2863 θῆναι
1020 2796 1125 2863 corrigi
1144 2796 1230 2849 iussit
1247 2798 1331 2851 Zeun.

237 2870 262 2915 ἵ.
303 2864 449 2930 Vergilias
467 2863 571 2914 asaf.
607 2864 667 2915 liri.
686 2872 794 2915 not.-
814 2864 960 2931 Terentiae]
980 2864 1079 2917 Heaut.
1099 2865 1185 2931 lua,
1204 2868 1243 2916 18.

237 2935 264 2983 8.
297 2933 412 2981 ποιεῖ..
431 2927 497 2996 τιμῶ
515 2933 564 2991 (ιο
580 2931 659 3003 τιμᾷ)
677 2930 797 2998 τιμᾶτω,
814 2931 918 2999 χρυσοῦ
936 2932 1006 2985 Edu.
1023 2958 1057 2971 --
1075 2934 1150 2983 ποιεῖ
1165 2968 1191 2986 ..
1205 2931 1261 3001 flori
1279 2966 1304 2983 ..
1322 2928 1409 2997 δηλού

238 2999 309 3051 Edi.
329 3026 360 3036 -
380 2992 513 3065 ποιήτω,
530 2994 696 3067 ποιήτωσαν
713 3000 817 3053 EM.

235 3132 359 3201 peratiae
377 3131 481 3199 primae
506 3148 633 3197 ρττιοπαι
653 3133 798 3202 arripiant,
847 3146 910 3184 men
934 3134 978 3181 est
1005 3128 1244 3194 substituendum,
1279 3129 1352 3181 adeo
1382 3133 1416 3181 ut

238 3202 303 3253 baee
325 3201 420 3251 urceos
435 3194 589 3252 ύποθεταιὰ
607 3208 716 3267 aaran,
735 3204 754 3253 i.
773 3220 795 3255 e.
848 3198 996 3265 scripserit
1013 3204 1073 3249 erat:
1093 3198 1152 3247 Hae
1169 3198 1242 3258 ades,
1261 3214 1276 3245 ο
1290 3199 1417 3260 formose

237 3268 403 3337 suppositivo
421 3269 477 3319 sios
492 3268 677 3321 hortativa.
846 3283 925 3335 puer,
946 3264 1005 3316 uer.
1025 3264 1065 3327 ll,
1082 3266 1140 3315 45..
1174 3271 1239 3315 eut:
1257 3262 1317 3313 Hua
1333 3265 1414 3326 atlas,

273 3340 298 3387 6.
333 3344 441 3417 excepta
455 3342 516 3387 suat
534 3330 605 3388 alvea
622 3335 722 3388 δοῦναι
737 3337 799 3389 θεῖ·
848 3352 863 3385 ο
885 3333 1021 3393 Meliboee,
1039 3332 1099 3383 uer.
1118 3330 1182 3394 llll,
1202 3335 1242 3391 9.,
1266 3336 1328 3382 aus:
1350 3332 1414 3383 Hae

237 3404 295 3472 ναι]
317 3401 611 3469 Respreiimperatiri
628 3404 733 3456 formas
752 3397 800 3463 δὸς
849 3400 920 3463 ades,
937 3418 952 3451 ο
968 3400 1104 3461 Galatea,
1121 3398 1182 3449 uer.
1201 3396 1250 3462 IX,
1268 3400 1310 3447 39.
1346 3396 1412 3450 Etsi

239 3478 269 3521 ot
292 3466 344 3530 θὲς
374 3472 444 3522 bene
470 3470 541 3521 vidit
567 3471 698 3523 Zeunius.
742 3470 797 3522 sea
848 3468 896 3519 laio
915 3466 1000 3519 laoile
1019 3466 1082 3518 fleri
1100 3466 1205 3533 potuit,
1234 3470 1265 3517 ut
1283 3466 1413 3518 Meliboee

233 3544 347 3599 -tarnou,
384 3544 415 3587 at
439 3537 556 3605 reliqui,
588 3538 704 3605 scripsit
718 3532 799 3601 εἶναι,
848 3542 1005 3587 mutaretur
1023 3536 1050 3587 in
1071 3537 1188 3596 Lenaee3
1219 3534 1409 3585 loouatemen

238 3603 319 3655 euius
349 3602 535 3671 imperativus
562 3606 623 3659 ἴσθι
656 3608 712 3658 bue
745 3622 808 3656 non¹
849 3604 953 3672 Geerg.
974 3604 1017 3665 ll,
1038 3606 1063 3655 4.
1088 3602 1164 3655 hauel
1183 3600 1268 3653 dabie
1285 3609 1328 3652 eat
1347 3618 1411 3653 aor-

238 3670 369 3738 qumlrat:
401 3675 581 3737 quamobrem
600 3690 654 3725 non
672 3672 799 3724 dubitavi
848 3678 957 3738 ruptus.
1002 3671 1072 3723 Nam
1126 3676 1303 3735 raeterqusrn
1336 3670 1410 3735 quod

238 3738 364 3791 seribere
379 3732 459 3799 εἶναι,
477 3745 509 3792 ut
523 3740 733 3810 intelligeretur
745 3741 799 3792 im-
848 3738 979 3805 repetitio
996 3749 1073 3807 pater
1090 3690 1184 3791 aiiena
1204 3745 1260 3795 est,
1293 3738 1409 3788 verbam

240 3806 384 3874 peratisus
408 3799 444 3865 tc.
849 3809 914 3859 ades
931 3808 1078 3859 meliorem
1101 3823 1210 3873 quoque
1233 3804 1322 3855 elficit
1344 3821 1409 3857 sen·

274 3869 311 3927 ri'
330 3874 383 3941 ηθι
403 3871 535 3941 δαμῆναι]
559 3872 619 3926 vsu.
642 3879 698 3928 not.
720 3874 755 3933 au
774 3892 799 3927 a.
849 3892 920 3927 sarra.
955 3874 1024 3927 Nam
1043 3882 1125 3942 poeta
1147 3874 1189 3927 ibi
1208 3890 1261 3925 non
1283 3880 1341 3924 tam
1359 3888 1410 3923 oo-

241 3947 285 4008 la,
334 3943 360 3992 5.
848 3942 954 3995 'tionem
969 3944 1056 4012 patris
1072 3948 1164 4011 urget,
1182 3958 1265 4007 quam
1284 3939 1340 3991 rim
1357 3941 1410 3991 ad·

274 4009 373 4079 magis]
398 4011 429 4059 ul
445 4006 571 4075 saepius,
593 4006 668 4061 tuem
688 4008 800 4078 signill-
848 4020 950 4064 veatae.
986 4010 1207 4079 Ergo'priraurn
1230 4014 1313 4061 vorat
1333 4009 1409 4069 cales,

242 4083 288 4131 eat
321 4076 394 4143 qaod
429 4077 528 4143 petiae.
571 4076 632 4129 uia.
668 4086 724 4131 nat.
762 4078 798 4131 eal
849 4086 879 4131 ot
909 4079 993 4145 paulo
1023 4085 1087 4146 post
1117 4076 1285 4143 emphaseos
1315 4076 1411 4141 gratia

241 4147 348 4198 carnin.
367 4142 446 4206 11,s‚
463 4147 506 4195 31.
848 4148 917 4199 oeni.
952 4144 1043 4198 Ιιοοιιι
1065 4145 1202 4198 Macrobii
1225 4142 1301 4211 fugit
1322 4143 1412 4196 inter·

274 4219 300 4263 ’1.
338 4212 465 4263 Similiter
476 4213 552 4281 apsel
567 4210 687 4279 Latinos]
706 4211 749 4265 Gi.
764 4213 799 4266 ds
849 4221 943 4283 pretes
963 4214 1105 4282 vtrgrlrir‘
1135 4214 1221 4265 zava.

240 4281 318 4331 verb.
337 4296 362 4329 ο.
379 4282 406 4342 3,
421 4278 435 4345 i
452 4280 478 4328 4.
882 4286 907 4333 fl.
946 4283 1041 4335 &aeri
1055 4281 1120 4349 σιω]
1138 4280 1181 4331 Oi.
1199 4279 1233 4331 ale
1248 4277 1324 4329 verb.
1344 4294 1368 4329 a.
1382 4281 1409 4344 3,

274 4348 334 4398 Hae
347 4347 425 4410 ades,
444 4364 459 4397 ο
477 4344 589 4412 Lenaee]
614 4346 738 4413 „Georg.
758 4346 797 4409 11,
848 4348 861 4415 5
881 4354 922 4399 10.

239 4416 297 4465 ⁴let
308 4420 333 4465 1.
352 4413 436 4465 baalia
456 4414 595 4479 reperitur
609 4415 679 4477 Hae,
690 4420 797 4481 pater,
884 4416 936 4468 ΤΕ
953 4432 1013 4467 aero
1034 4412 1175 4481 syllabam]
1201 4402 1244 4464 Cf.
1263 4410 1332 4483 ibid.
1350 4412 1363 4477 5
1382 4417 1407 4464 9.

239 4496 255 4529 ο
271 4480 380 4530 Lenaee.
415 4480 507 4543 igitur
523 4482 570 4532 vel
588 4481 674 4533 aliam
697 4481 797 4533 laetia-
879 4487 903 4533 9.
939 4499 1007 4549 qaae
1031 4483 1141 4535 decursa
1165 4481 1213 4547 est]
1244 4480 1300 4545 ,,Η.
1324 4498 1348 4530 e.
1373 4482 1408 4531 sla

238 4559 301 4593 aem
328 4544 442 4611 Virgilii
471 4555 587 4599 secatus
614 4555 658 4600 est
685 4549 796 4599 Maera·
844 4564 899 4615 que
917 4549 1052 4604 hacteuus
1071 4549 1210 4617 quaedem
1230 4547 1323 4599 obiter
1339 4548 1406 4600 elixi.

187 4608 197 4639 ''
237 4607 312 4673 blm,
329 4611 376 4664 vd
392 4610 442 4703 bip
459 4630 512 4679 pro
527 4616 631 4670 Lenaee
646 4616 724 4669 eliud
743 4633 794 4669 aa·
843 4616 914 4669 Nam
944 4618 1095 4687 devenere,
1128 4618 1202 4686 quod
1228 4616 1343 4686 proprie
1371 4618 1406 4669 de
