2950 4992
280 138 418 207 COMM.
439 137 484 204 IN
505 134 633 204 SOMN.
654 134 754 202 SCIP.
796 137 873 202 LIB.
896 138 917 201 1.
960 135 1050 204 GAP.
1070 137 1156 203 xlx.
1245 139 1305 205 109

135 312 184 377 bis
204 317 326 375 constat
346 309 407 374 rita
428 328 490 393 qua
510 305 651 372 fruimur.
712 305 913 371 Conversatio
934 313 1038 372 tamen
1057 316 1161 374 nostra
1182 317 1213 376 et
1233 313 1355 397 pro-24

135 404 246 464 ventus
267 403 390 460 actuum
411 402 474 459 tam
496 393 533 457 ad
558 393 623 476 ipsa
645 390 708 455 duo
733 391 850 455 lumina
877 411 968 476 quam
990 393 1028 456 ad
1050 395 1187 480 quinque
1213 416 1303 482 vagas

137 483 240 546 stelias
268 479 413 544 refertur:
453 477 506 542 sed
528 477 638 540 barum
666 475 824 540 stetiarum
846 475 921 539 alias
944 477 1133 544 interventus
1159 502 1303 548 numero-

136 589 205 632 rum
226 586 358 652 quorum
381 585 473 648 supra
494 562 623 627 fecimus
644 562 833 624 mentionem
854 582 923 624 curn
946 561 1113 627 luminibus
1134 565 1213 631 bene
1235 568 1303 632 iun-

136 653 181 736 git
197 673 232 716 ac
250 651 356 727 sociat,
377 649 451 712 alias
468 648 572 711 nutius
591 646 722 730 appiicat
740 645 860 710 numeri
879 667 976 710 nexus
995 645 1031 710 ad
1053 647 1177 712 lumina.
1219 653 1303 737 Ergo
1311 653 1353 717 25

136 738 267 802 Veneria
287 745 320 800 et
339 734 462 799 loviniis
484 733 571 797 steila
591 752 646 816 per
665 731 722 794 bos
744 752 891 796 numeros
912 731 1021 795 lumini
1043 733 1167 816 utrique
1186 738 1303 801 socian-

135 832 201 888 tur:
239 821 293 886 sed
314 818 437 885 Ioviaiis
459 819 515 881 soli
539 837 594 902 per
615 837 740 893 omnes,
768 816 858 881 lunae
879 837 952 882 vero
973 838 1028 901 per
1049 817 1168 902 piures,
1191 826 1222 882 et
1243 823 1354 900 Ve-[ar]

134 907 220 972 neria
256 908 347 970 tunae
377 923 433 988 per
466 924 589 978 omnes,
631 902 689 966 soli
718 922 774 985 per
803 903 906 986 piures
937 923 1082 966 numeros
1113 913 1303 988 aggregatur.

134 994 224 1066 Hine,
246 992 319 1055 licet
335 998 467 1073 utraque
484 988 620 1058 benefica
639 987 792 1064 credatur,
814 989 896 1052 loris
917 993 1019 1052 minen
1039 988 1127 1052 steiia
1147 1011 1216 1054 curn
1238 992 1302 1056 soie

135 1074 394 1144 accommodatior
413 1081 474 1149 est,
511 1081 543 1136 et
562 1072 696 1136 Veneria
718 1092 789 1134 curn
808 1071 895 1136 luna:
937 1080 1030 1158 atque
1052 1073 1122 1138 ideo
1146 1075 1225 1140 vitae
1247 1098 1302 1142 no-

134 1172 216 1229 strae
237 1160 333 1243 magis
354 1158 564 1234 commodant,
588 1158 674 1242 quasi
698 1156 866 1221 inminibus
885 1156 966 1221 vitae
986 1165 1108 1224 nostrae
1125 1161 1303 1240 auctoribus

135 1267 336 1311 numerorum
358 1245 477 1308 ratione
497 1243 675 1307 concordes.
731 1241 855 1306 Saturni
879 1250 982 1305 autern
1004 1244 1176 1328 Martisque
1197 1249 1353 1318 6161166211

135 1333 178 1397 ita
198 1352 262 1394 non
283 1330 399 1394 babent
417 1351 488 1394 cum
508 1329 676 1394 luminibus
694 1326 931 1412 conponentium,
951 1334 987 1390 ut
1009 1335 1111 1392 tanren
1131 1328 1233 1415 aliqua
1253 1334 1305 1398 rei

135 1424 272 1482 extrema
295 1436 495 1479 numerorum
517 1415 597 1478 linea
620 1413 772 1477 Saturnus
794 1413 831 1477 ad
853 1412 965 1487 solem,
1003 1412 1089 1477 Mars
1116 1415 1243 1498 aspiciat
1264 1418 1302 1481 ad

134 1503 249 1566 lunam.
292 1501 365 1565 Ideo
387 1501 490 1566 minus
509 1498 662 1564 commodi
682 1498 762 1562 vitae
784 1497 937 1562 humanae
958 1497 1187 1576 existimantur,
1215 1502 1302 1586 quasi

134 1608 205 1652 eum
226 1586 305 1652 vitae
330 1586 508 1651 auctoribus
535 1593 601 1649 arta
627 1604 829 1648 numerorum
853 1582 972 1647 ratione
1000 1603 1063 1647 non
1090 1583 1196 1648 iuncti.
1239 1586 1304 1652 Cur

133 1681 238 1737 tamen
257 1678 290 1736 et
311 1671 368 1756 ipsi
389 1690 622 1755 nonnumquam
648 1690 668 1731 c
690 1690 723 1733 es
748 1668 796 1734 vei
821 1668 989 1733 claritatem
1011 1667 1189 1734 bominibus
1216 1692 1303 1756 prae·

134 1767 215 1822 stare
236 1756 414 1832 credantur,
445 1757 483 1819 ad
504 1757 636 1820 aiterum
659 1689 752 1818 dbbet
774 1755 928 1838 pertinere
948 1760 1127 1830 tractatum,
1159 1756 1232 1839 quia
1253 1757 1302 1822 hia

134 1842 248 1907 sufficit
266 1841 422 1924 aperuisse
445 1841 612 1916 rationem,
635 1859 690 1903 our
709 1839 769 1903 aiia
789 1839 935 1903 terribilis
954 1839 1012 1903 alia
1034 1839 1175 1904 salutaris
1198 1841 1302 1907 existi-

136 1929 265 1991 metun'
305 1928 348 1990 Et
369 1926 511 1990 Plotinus
532 1924 656 2011 quidem
679 1925 711 1988 in
733 1925 811 1990 iibro
834 1924 888 2010 qui
909 1923 1100 1988 inscribitur:
1131 1924 1171 1991 Si
1184 1928 1352 2011 [66166121

133 2024 226 2086 astra,
245 2011 425 2095 pronuntiat
445 2011 521 2074 nibil
544 2011 573 2076 ri
597 2011 644 2074 rel
668 2017 819 2095 potestate
842 2029 949 2074 eorum
970 2009 1147 2074 bominibus
1167 2013 1301 2093 evenire,

133 2097 187 2162 sed
210 2117 246 2160 ea
266 2117 348 2182 quae
368 2096 482 2160 decreti
506 2096 671 2160 necessitas
691 2095 724 2158 in
745 2095 882 2179 singulos
904 2093 1015 2169 sancit,
1048 2094 1091 2159 ita
1113 2116 1168 2180 pcr
1188 2096 1299 2164 borum

132 2189 249 2265 septem
271 2181 435 2246 transitum
459 2183 622 2246 stationem
648 2201 842 2246 recessumve
864 2179 1044 2257 monstrari,
1085 2189 1120 2244 ut
1148 2201 1218 2246 aves
1245 2205 1302 2250 seu

132 2267 384 2352 praetervolanda
410 2288 466 2332 seu
491 2267 601 2332 stando
628 2264 730 2332 iutura
757 2265 867 2354 pennis
888 2265 936 2332 rei
958 2285 1032 2330 voce
1057 2263 1230 2348 significant
1248 2291 1301 2334 ne·

930 2469 1013 2532 [Edd.
1032 2467 1233 2538 rieabgspdab.

131 2559 225 2625 dpean
242 2558 271 2610 S.
294 2586 321 2596 —
339 2560 500 2628 globositate
520 2560 622 2620 adaias
648 2556 680 2608 F.
838 2556 881 2606 24.
916 2563 1021 2605 actuum
1038 2562 1225 2606 nostrornm
1249 2559 1302 2612 Hi.

131 2653 165 2664 -
183 2627 318 2677 steliaranr
334 2630 405 2680 atias
421 2629 583 2678 interuentus
605 2623 729 2675 Haecin
747 2621 980 2690 Bprirnaverba
1004 2627 1069 2672 6661
1090 2628 1154 2687 post
1171 2639 1301 2692 magnam
1365 2617 1370 2636 ‘

130 2693 212 2743 itiam
235 2694 363 2744 incanum
383 2697 422 2758 (v.
447 2711 470 2744 e.
495 2697 540 2754 12,
571 2693 584 2759 q
610 2692 676 2756 tn).
703 2718 730 2728 —
759 2689 850 2758 supra]
871 2690 884 2754 5
903 2692 944 2741 21.
967 2715 1002 2728 -
1033 2690 1113 2740 atius
1132 2691 1183 2739 111.
1209 2720 1242 2730 -
1269 2711 1301 2747 aa

131 2768 224 2811 sanat
243 2760 293 2809 111.
311 2788 344 2798 -
361 2762 437 2812 anili
455 2761 565 2828 apiicat
583 2759 633 2810 111.
651 2787 684 2796 -
703 2775 822 2809 emeres
840 2757 941 2823 (etiam
960 2755 1049 2822 intra)
1067 2759 1148 2825 r-gb.

130 2830 171 2876 26.
209 2829 298 2894 magis
316 2830 521 2879 accommodant
538 2844 565 2889 a,
582 2828 654 2893 quod
671 2826 790 2891 corrigit
806 2826 880 2878 Mod.
900 2825 931 2876 N.
951 2824 980 2874 b.
1001 2841 1028 2890 p.
1046 2827 1102 2876 164.
1137 2841 1210 2894 meg.
1229 2845 1300 2880 conr-

130 2895 283 2944 nrodantar
306 2894 361 2945 Tn.
514 2900 556 2946 26.
593 2896 712 2962 aspiciet
740 2894 798 2946 BG.
832 2894 965 2961 respiciat
986 2891 1056 2944 Bau.
1087 2919 1121 2930 —
1147 2903 1209 2946 arto
1231 2897 1299 2948 Mas.

132 2968 160 3011 et
178 2961 217 3011 Pa
231 2961 357 3026 ,6161611ι
392 2970 478 3013 areta
503 2980 564 3030 r·g.
599 2971 672 3030 apta
696 2963 753 3013 s-b.
906 2963 948 3011 21.
986 2961 1191 3018 Plotinastoru.
1210 2969 1248 3023 et)
1268 2965 1300 3016 F.

129 3053 163 3066 -
183 3030 208 3079 si
215 3031 324 3092 saciant
346 3030 475 3081 Bi-bCG.
521 3033 567 3081 sic
580 3032 689 3094 faciunt
712 3027 878 3080 FSRissle
898 3028 1023 3093 „dugi.“
1044 3055 1077 3066 -
1098 3029 1166 3080 nibil
1186 3031 1261 3095 (add.
1283 3049 1300 3085 a

129 3111 185 3147 sec.
205 3113 240 3146 nr.
256 3100 298 3157 aa)
316 3097 345 3147 0.
364 3099 461 3148 —sed
478 3116 546 3164 quae
560 3103 635 3163 (serp.
652 3099 715 3150 add.
734 3102 780 3157 ea)
797 3097 847 3146 112.
864 3124 898 3135 -
916 3113 1010 3148 eoram
1025 3104 1124 3163 septem
1143 3095 1173 3144 C.
1196 3125 1223 3135 —
1242 3108 1300 3152 sta-

129 3166 227 3217 tionem
243 3180 403 3217 recessamae
420 3165 730 3218 sssursarafrnan.
766 3166 885 3217 statione
901 3181 1043 3216 recessuce
1061 3162 1176 3216 CFEdd.
1199 3193 1231 3204 -
1252 3169 1300 3222 ait
1376 3181 1380 3195 ¹

129 3361 227 3429 116111
247 3366 300 3428 12,
318 3365 425 3418 densior
441 3383 535 3434 corpas
551 3367 596 3430 sit,
609 3381 689 3433 qnam
738 3363 840 3416 luisse:
858 3363 913 3415 atie
927 3363 1065 3430 pertinere.
1102 3362 1231 3416 Ceterum
1249 3369 1299 3418 ob-

128 3440 215 3483 eetera
232 3434 366 3484 caelestia.
740 3447 835 3494 serva,
868 3432 897 3494 1,
926 3435 971 3492 12,
998 3433 1037 3480 14.
1061 3429 1117 3481 diei
1137 3433 1164 3482 in
1183 3433 1298 3486 Saturni

160 3502 205 3548 21.
245 3499 423 3566 conversatio]
453 3499 587 3551 estritae
605 3499 688 3551 ratio·
737 3501 862 3565 sphaera
891 3498 1013 3550 animum
1038 3497 1156 3550 induere
1184 3501 1298 3554 ratioci-

127 3565 172 3617 (ii.
192 3565 303 3632 Uipian.
324 3568 387 3634 big.
403 3567 425 3628 1,
445 3571 487 3627 16,
505 3572 530 3618 9.
539 3569 632 3633 filiurn
737 3567 880 3618 nationem
894 3572 923 3616 et
935 3566 1165 3634 intetttgenttnm,
1179 3569 1207 3620 iu
1220 3570 1299 3622 Mar-

128 3635 174 3701 qui
190 3651 252 3698 non,
266 3643 296 3687 at
311 3642 420 3704 oportet,
437 3636 629 3688 conversari
645 3636 688 3686 di·
738 3635 785 3697 tis,
801 3633 1144 3709 animaduorsionem.

127 3710 212 3753 eatur.
771 3706 813 3752 27.
852 3703 883 3753 Si
893 3704 1003 3768 saciant
1021 3703 1106 3769 astra]
1125 3703 1229 3756 Plotini
1242 3705 1299 3757 En·

160 3773 202 3819 25,
239 3769 312 3820 uitae
334 3776 441 3821 nestrae
463 3768 554 3837 magis
573 3785 687 3820 comaro-
737 3769 818 3822 nand.
844 3769 880 3821 11.
908 3770 981 3821 liber
1004 3771 1054 3820 111.
1084 3772 1248 3826 inscribitur
1274 3773 1301 3825 si

127 3836 206 3901 dunt]
225 3836 627 3901 1111266116666616616111
643 3838 686 3888 ai·
736 3840 811 3889 ποιεῖ
826 3833 861 3888 τὰ
880 3830 981 3904 ἄστρα,
1004 3840 1076 3904 quad
1096 3841 1181 3891 vertit
1199 3840 1298 3892 Fabri·

127 3911 172 3957 tae
188 3905 322 3955 humanae
343 3905 537 3957 existimantur.
738 3905 812 3956 eiust
856 3907 949 3958 Utrum
968 3906 1062 3958 stellae
1080 3907 1184 3973 aliquid
1201 3917 1297 3976 agant.

160 3975 205 4021 26.
241 3980 303 4022 arto
323 3989 489 4023 numeroram
511 3971 614 4022 ratione
634 3989 687 4022 non
737 3972 797 4024 Vid.
817 3979 874 4024 not.
893 3975 926 4024 ud
947 3991 970 4023 c.
991 3978 1032 4035 11,
1051 3974 1107 4039 51.

125 4037 219 4106 inacta]
247 4039 365 4101 dieitur,
390 4046 431 4091 ut
453 4039 526 4090 alias
554 4038 627 4101 (cic.
651 4039 686 4090 ad
772 4041 870 4092 decreti
885 4041 1037 4106 necessitas]
1064 4040 1106 4092 Gi.
1123 4039 1181 4091 Sat.
1198 4041 1232 4104 V,
1254 4046 1295 4107 16,

126 4110 183 4158 111,
210 4105 259 4172 r't,
290 4111 315 4158 2.
340 4109 403 4171 111.),
438 4107 606 4158 artissima
628 4107 687 4157 cin·
737 4112 763 4158 8.
781 4109 925 4160 Fortunam
938 4109 1067 4160 Iiomerm
1081 4109 1296 4173 166661666ιαὶ611

126 4175 197 4225 6616.
737 4183 763 4226 61
781 4177 832 4226 soii
849 4177 990 4238 decreto,
1028 4193 1107 4241 qaam
1125 4177 1227 4240 μοῖραν
1247 4195 1295 4230 aa·

162 4243 199 4293 ad
216 4241 330 4292 aiteram
346 4240 421 4292 debet
436 4241 567 4307 pertinere
584 4247 686 4292 tracta·
737 4250 789 4302 661,
809 4245 897 4293 omnia
915 4243 1034 4309 regenda
1052 4243 1196 4295 committit.

127 4309 192 4375 tam]
222 4308 286 4360 Noti
313 4307 385 4358 baec
414 4309 520 4359 reterre
547 4309 583 4359 nd
611 4324 686 4358 corn·
771 4309 866 4360 borem'
883 4309 990 4376 septem]
1021 4309 1039 4360 i.
1065 4326 1089 4361 6.
1114 4311 1296 4364 1166666616-

128 4375 328 4426 mentariorum
346 4375 449 4428 librum
469 4375 506 4439 11,
524 4391 588 4426 narn
606 4374 633 4426 in
653 4392 686 4426 eo
735 4376 842 4427 minum
861 4383 888 4426 et
906 4376 1027 4441 quinqua
1045 4393 1180 4446 vagarum
1198 4382 1298 4432 616116-

128 4439 203 4491 nibil
236 4442 373 4494 eiusmodi
406 4443 521 4510 tegitur.
571 4442 687 4493 Videtur
737 4461 806 4495 rom.
847 4443 924 4496 laico
948 4445 990 4495 iric
1015 4456 1058 4500 est
1081 4445 1219 4515 luppiter,
1249 4449 1296 4503 iile

128 4506 290 4560 Macrobius
308 4509 336 4562 in
351 4510 512 4564 universum
525 4509 620 4563 dicere
637 4527 685 4562 ro·
735 4511 822 4566 Mars.
