2950 4992
264 89 402 160 COMM.
422 88 467 158 ut
488 85 616 156 SOMN.
638 85 736 154 SGlP.
779 88 854 153 LlB.
881 89 905 153 l.
948 89 1038 157 CAP.
1060 91 1083 155 l.
1103 90 1143 157 ll.
1247 94 1287 159 l'l

32 267 35 271 '
119 260 211 326 nobis
231 267 293 337 est,
326 280 426 345 aquo
447 277 561 344 genere
583 257 745 322 hominum
768 256 887 322 Tullius
917 266 1068 326 memoret
1095 262 1143 329 vel
1165 262 1287 329 irrisam

118 345 257 410 Platonis
276 344 423 420 fabulam,
446 345 495 409 vel
517 364 558 407 ne
576 342 634 407 sibi
654 342 736 405 idem
758 341 880 405 eveniat
898 363 961 406 non
981 346 1094 410 vereri:
1126 369 1183 413 nec
1202 350 1286 414 enim

118 429 168 493 bis
191 430 291 497 verbis
311 429 378 495 vult
399 429 565 513 inperitum
594 426 705 509 vulgus
732 424 892 521 intellegi,¹
921 427 974 491 sed
1001 450 1097 511 genus
1124 432 1286 499 hominum

118 514 183 579 veri
210 514 350 598 ignarum
378 514 436 577 sub
462 511 589 596 peritiae
613 516 835 584 ostentatione,
873 509 987 594 quippe
1015 533 1091 595 quos
1118 523 1150 579 et
1176 518 1286 601 legisse

41 594 45 599 ’
117 599 190 662 talia
210 599 298 663 etad
319 595 607 681 reprehendendum
628 593 779 658 animatos
801 601 963 658 constaret
1016 596 1161 662 Dicemus
1182 600 1315 683 igitur,2

118 691 150 746 et
170 704 249 767 quos
270 683 303 746 in
325 687 446 746 tantum
469 678 686 764 philosophum
713 679 826 743 referat
849 678 1002 775 quandam
1030 699 1176 745 censurae
1199 705 1286 748 exer-

116 767 214 832 cuisse
234 767 406 840 levitatem,
445 764 552 849 quisve
570 784 678 828 eorum
702 762 794 827 etiam
816 770 960 847 scriptam
984 762 1145 847 reliquerit
1166 785 1286 831 accusa-

115 852 246 929 tionem,
283 858 316 914 et
344 858 516 934 postremo,
554 848 628 933 quid
656 867 712 933 pro
742 866 778 912 ea
805 846 964 912 dumtaxat
992 855 1080 931 parte
1109 868 1189 933 quac
1215 849 1287 915 huic

115 936 202 1020 operi
223 935 393 999 necessaria
411 942 459 998 est
478 932 655 1017 responderi
676 931 839 996 conveniat
856 932 992 997 obiectis.
1037 932 1175 1010 Quibus,
1203 934 1288 1019 quod

114 1019 197 1086 iactu
217 1019 306 1083 facilc
326 1025 386 1096 est,
418 1017 570 1082 enervatis
590 1018 651 1081 iam
674 1015 820 1101 quicquid
845 1016 892 1082 vel
918 1023 1025 1081 contra
1045 1016 1202 1083 Ciceronis
1222 1018 1288 1104 opi-

114 1104 241 1168 nionem
270 1102 361 1167 etiam
390 1103 423 1167 in
450 1101 602 1186 Scipionis
626 1100 782 1166 somnium
809 1120 865 1163 seu
891 1099 1039 1165 iaculatus
1065 1110 1112 1167 est
1136 1124 1286 1190 umquam

115 1208 238 1252 morsus
270 1187 374 1253 livoris
400 1207 456 1252 seu
481 1186 560 1251 torte
588 1185 771 1251 iaculabitur
804 1182 987 1248 dissolutum
1016 1184 1083 1249 erit.
1137 1184 1315 1273 Epicure-3

116 1292 206 1337 orum
229 1278 294 1336 tota
312 1271 418 1349 lectio,
445 1291 544 1357 aequo
566 1290 688 1356 semper
707 1288 813 1334 errore
833 1288 851 1332 a
870 1288 943 1334 vero
962 1268 1050 1335 devia
1071 1277 1103 1333 et
1123 1270 1174 1335 illa
1193 1274 1328 1353 aesti-[r]

116 1377 205 1421 maus
226 1355 351 1420 ridenda
365 1376 451 1441 quac
474 1355 604 1433 nesciat,
639 1375 760 1419 sacrum
782 1351 928 1418 volumen
952 1359 985 1417 et
1009 1374 1049 1417 au
1107 1352 1224 1420 tissima
1244 1356 1284 1421 ir-

113 1442 183 1507 risit
204 1448 332 1505 naturae
355 1441 443 1506 seria.
485 1439 611 1505 Colotes
632 1458 723 1515 vero,
751 1438 833 1501 inter
853 1437 980 1521 Epicuri
1001 1458 1041 1502 au
1065 1438 1156 1503 'tores
1179 1439 1286 1523 loqua-

9 1542 16 1549 ·
113 1527 204 1591 citate
230 1524 412 1603 notabilior,
447 1525 541 1589 etiam
566 1524 599 1587 in
627 1523 741 1586 librum
771 1520 876 1585 retulit
904 1541 984 1619 quae
1006 1521 1044 1585 de
1066 1520 1125 1585 hoc
1153 1524 1285 1589 amarius

115 1610 273 1677 cavillatus
294 1617 349 1674 est
393 1609 454 1674 Sed
471 1616 572 1672 cetera
594 1626 672 1692 quac
693 1605 805 1669 iniuria
824 1612 953 1683 notavit,
978 1605 1130 1691 siquidem
1150 1607 1187 1672 ad
1205 1629 1286 1673 som·

114 1696 203 1760 nium
220 1695 260 1759 de
273 1715 336 1777 quo
352 1694 404 1757 bic
417 1692 556 1777 procedit
571 1711 673 1755 sermo
692 1710 756 1753 non
770 1690 909 1767 attinent,
926 1688 984 1754 boc
1003 1690 1070 1756 loco
1089 1692 1178 1757 nobis
1195 1694 1285 1758 omit-

114 1780 208 1843 tenda
230 1785 319 1842 sunt:
357 1778 440 1841 illam
462 1775 645 1840 calumniam
669 1794 890 1860 persequemur
911 1795 1004 1859 quae,
1041 1775 1100 1841 nisi
1121 1778 1285 1862 supplode-

114 1869 183 1942 tur,
213 1861 350 1926 manebit
370 1860 511 1927 Ciceroni
531 1881 601 1927 cum
622 1859 745 1925 Platoni
769 1860 950 1925 communis.
990 1859 1079 1925 Aita
1101 1860 1315 1951 philosoph04

910 1980 995 2045 [Erld.
1014 1982 1218 2053 vicalrgspdnb.

113 2073 185 2129 (om.
203 2072 236 2127 a)
254 2066 304 2118 m.
328 2094 363 2105 —
384 2066 454 2119 ideas
471 2065 523 2119 siti
543 2081 604 2134 ng.
627 2090 660 2105 -
681 2066 823 2134 &pultum
840 2067 888 2119 cul
928 2069 1015 2122 scalt
1035 2070 1088 2121 sta.
1108 2098 1142 2111 —
1164 2089 1229 2139 quos
1245 2071 1285 2123 lc-

112 2136 187 2205 gs‘sse
208 2141 278 2197 (orn.
303 2140 342 2195 et)
366 2134 397 2185 F.
418 2142 608 2217 —·constaret
626 2135 757 2186 animatas
782 2134 874 2186 FRlG
900 2151 947 2188 aa.
1099 2141 1126 2188 ὓ.
1163 2138 1287 2191 Dicemus

113 2219 192 2321 {iii
210 2200 755 2336 tlentett'tltf‘titttet
788 2220 835 2319 't'
850 2203 1287 2336 tetltbttf’auttt

112 2338 270 2397 esereaisse)
282 2338 334 2389 Ru.
349 2364 379 2375 -
400 2338 547 2399 defectis
563 2338 618 2387 iarn
637 2335 714 2402 (sup.
732 2338 878 2397 muratis)
895 2333 927 2385 Ρ.
946 2362 979 2373 -
992 2336 1035 2387 uei
1047 2344 1139 2387 eontra
1156 2337 1288 2389 Cinnanis

113 2403 183 2455 Mas.
200 2422 218 2455 v
237 2403 307 2455 Bere.
346 2411 439 2455 contra
461 2404 594 2455 Ciceronis
611 2408 671 2462 (om
692 2403 749 2461 uel)
774 2401 828 2453 ico.
868 2401 919 2452 uel
941 2409 1056 2452 eontra
1073 2402 1224 2454 Platonis
1243 2404 1287 2455 cet

112 2480 203 2523 nonna
216 2472 349 2523 Ciceronis
367 2471 431 2520 b-b.
465 2466 518 2533 „rol
531 2470 574 2521 uel
586 2476 678 2519 cantra
694 2468 814 2519 Platonis
826 2465 995 2520 auctoritate
1012 2466 1180 2533 scriptorum
1197 2474 1225 2519 et
1237 2485 1287 2521 va·

112 2543 188 2590 tuate
203 2554 335 2589 cneorum
352 2552 407 2588 non
423 2535 570 2586 retinenda
582 2535 708 2585 indico.“
725 2534 813 2585 Gran.
849 2532 910 2583 tia.
927 2537 984 2583 not.
1000 2559 1033 2574 -
1052 2541 1083 2586 et
1100 2534 1129 2585 in
1144 2533 1214 2587 Bru.
1228 2536 1287 2597 [ltss

113 2620 132 2657 a
149 2621 205 2656 sec.
223 2609 284 2665 nn).
436 2606 462 2652 ³.
499 2604 690 2717 lip'ieureorum
707 2615 785 2650 nera
802 2600 833 2651 12.
854 2626 881 2637 -
906 2600 1060 2669 ambiguo
1078 2600 1205 2661 (neuen.
1224 2619 1286 2669 sup.

114 2676 222 2738 news).
241 2698 269 2708 -
290 2684 377 2721 errore
394 2684 494 2735 semper
555 2694 609 2716 .-
632 2666 786 2717 aestimans
806 2664 997 2720 urbicum.
1033 2669 1174 2721 estimans
1190 2669 1286 2737 vichg.

113 2738 288 2789 existimans
308 2733 450 2787 rra-orus.
477 2762 504 2772 -
531 2732 730 2804 angustissima
753 2734 786 2787 G.
821 2735 1000 2804 agustinsima
1022 2736 1050 2786 α’.
1067 2737 1286 2790 subtilissima

113 2804 187 2856 Bsn.
205 2831 239 2840 —
259 2804 329 2853 seria
346 2809 460 2853 naturae
475 2800 508 2851 F.
528 2828 564 2841 -·
590 2799 772 2853 Coloresvic.
795 2829 827 2840 -
852 2802 976 2869 epicurei
993 2801 1042 2871 hg.
1077 2818 1285 2871 epycureoruru

113 2872 168 2922 Rt.
189 2898 225 2910 -
247 2870 406 2937 loquacitate
422 2869 563 2921 notabilior
586 2874 653 2929 (non
671 2870 833 2931 famosior
853 2875 882 2921 ct
901 2869 1001 2935 loquse.
1017 2873 1123 2935 notat„
1149 2877 1180 2924 ut
1197 2872 1285 2933 s·bl')

112 2936 381 3003 Busirin-gersa
405 2936 489 3001 (Bau.
514 2935 718 3002 elcquacitate).
761 2931 824 3002 „Tc
842 2938 975 3001 famosior
996 2945 1021 2990 et
1041 2954 1177 3003 nusquam
1203 2956 1287 3007 repe··

112 2992 202 3058 rins.“
226 3004 311 3055 Gran.
347 3003 453 3069 „Abest
469 3003 504 3053 nb
521 3002 649 3053 omnibus
671 3002 787 3070 Angll.“
808 3031 842 3042 -
864 3004 982 3055 amarias
998 3006 1142 3058 cauillatus
1157 3014 1194 3057 est
1216 3006 1285 3058 ΒΕΘ

112 3071 313 3139 Risi-gorsa
331 3074 398 3132 (vlt
414 3075 545 3129 amarus)
568 3086 685 3134 „omnes
706 3074 896 3123 constanter.“
920 3071 1005 3122 (ison.
1026 3072 1074 3137 qui
1093 3072 1166 3124 conl.
1185 3073 1228 3135 11,
1253 3077 1285 3125 16

124 3140 137 3205 t
154 3138 206 3206 15.]
223 3140 323 3191 similis,
335 3138 517 3192 cauillanti
532 3142 579 3190 est.
614 3152 699 3189 asnar.
717 3139 807 3189 ancill.
827 3144 866 3190 est
882 3139 976 3190 nobis
993 3138 1067 3190 Bra.
1101 3142 1220 3192 asnarius
1237 3158 1285 3191 ca·

128 3208 338 3258 unsniatusest
360 3203 391 3255 [s.
427 3205 545 3257 ammius
569 3205 780 3273 reprehendit
802 3204 881 3256 s-bP.
902 3230 937 3242 -
958 3206 1061 3258 iniuria
1085 3209 1229 3260 contulit
1253 3224 1286 3260 ac

112 3275 215 3325 notavit
233 3272 283 3323 R2.
302 3299 337 3311 -
358 3272 395 3323 sd
411 3271 468 3325 lsoa
484 3272 613 3323 somnium
630 3270 663 3323 Β.
684 3300 716 3309 -
735 3273 778 3324 laic
793 3288 847 3323 cm.
868 3272 918 3321 ltl.
936 3300 969 3309 —
985 3289 1183 3340 persequamur
1199 3274 1284 3325 vll’ti.

70 3352 79 3361 ·
110 3356 204 3408 prose
223 3356 328 3391 uantur
346 3341 389 3390 vii.
413 3365 447 3376 -
469 3356 499 3389 su
518 3340 642 3406 plodetur
658 3336 1063 3403 Brutus-grammarian.
1099 3341 1286 3406 supplodatur

113 3406 205 3459 s-bSl’
231 3356 528 3459 sem-eiceronisll.
679 3407 705 3458 4.
740 3407 788 3457 Ait
805 3405 888 3455 euim
903 3420 964 3472 r-g.
1000 3404 1085 3457 Zeun.
1102 3406 1223 3471 requirit
1238 3406 1286 3458 vel

97 3518 100 3521 ’
148 3509 191 3572 ll,
217 3514 246 3561 2·
280 3509 324 3561 ael
347 3514 439 3559 eontra
461 3507 593 3559 Ciceronis
613 3506 674 3574 opi-
721 3505 843 3559 latiores
861 3504 1068 3572 quaecolotes‚
1086 3524 1167 3573 quern
1182 3507 1286 3575 Epicu·

112 3577 228 3643 nionenr]
245 3574 370 3638 „Sensus
381 3573 504 3626 auctoris
517 3583 571 3636 est,
582 3590 613 3626 sa
628 3590 674 3624 re·
723 3592 772 3627 rus
785 3574 886 3625 blundo
909 3590 1010 3626 vocare
1027 3576 1136 3629 solebat
1155 3572 1287 3628 Kolonei-

112 3659 279 3711 sponsarum
291 3642 411 3693 obiectis
424 3642 454 3693 in
467 3658 500 3692 aa
511 3648 603 3708 parte,
619 3656 675 3707 qun
724 3659 777 3708 ραν
798 3642 843 3692 vel
864 3636 1054 3709 Kotusoipsou,
1080 3641 1179 3695 libello
1203 3660 1286 3710 quens

111 3710 675 3830 :ttttt‘tlltltttt‘tttituit
723 3706 1288 3844 ¹u‘itttt·‘‘niltldbt‘tt‘btt

111 3846 216 3898 luisse:
239 3795 327 3896 ¹buius
350 3843 399 3895 abi
422 3842 576 3895 vanitatem
598 3843 674 3893 clara
724 3842 773 3909 ζῆν
799 3837 867 3907 ἐστι,
901 3792 933 3893 in
959 3794 1087 3896 Pldptonis
1111 3795 1287 3908 aliorumque

111 3913 293 3974 ostendisset,
306 3910 363 3962 iam
377 3910 484 3976 pariter
495 3908 603 3960 nullius
614 3909 676 3960 lore
724 3910 959 3976 pbilosophorum
976 3912 1083 3976 placita
1096 3915 1288 3973 congesserat,

112 3979 249 4033 momenti
265 3994 299 4029 en
317 3992 388 4045 qnae
402 3983 500 4028 eontra
512 3974 676 4027 Ciceronem
724 3976 861 4028 refutarit
883 3975 1057 4029 Plutarchus
1082 3978 1181 4027 libello
1205 3992 1288 4042 quem

111 4050 158 4099 ret
170 4046 332 4113 excogitata
344 4050 419 4105 sunt,
430 4045 478 4102 vel
490 4045 563 4096 forta
575 4043 676 4096 etiarn·
724 4042 870 4111 inscripsit
888 4038 959 4109 πρὸς
977 4038 1118 4108 Kotaisqv.
1152 4042 1213 4092 vid.
1232 4044 1286 4096 vol.

111 4132 179 4167 num
197 4113 462 4181 excogitabantur.“
482 4112 574 4163 (laon.
725 4111 795 4163 xlv.
816 4126 902 4177 pagg.
923 4114 1039 4161 139-198
1058 4110 1139 4161 llutt.
1173 4107 1288 4163 Similia

45 4215 49 4218 t
146 4184 174 4232 a.
208 4197 294 4248 nequo
307 4196 408 4247 semper
424 4179 676 4230 morencerode·
724 4178 870 4231 adnotavit
886 4176 1017 4227 Zounius.

112 4249 170 4314 cia]
198 4248 283 4300 Gran.
308 4247 381 4299 coni.
405 4245 462 4297 Set
486 4245 543 4308 lll,
571 4248 602 4295 ll
626 4243 676 4309 [2,]
759 4247 812 4295 nisi
841 4242 1022 4307 supplantetur]
1054 4242 1097 4306 „A
1128 4240 1287 4306 glossatore

117 4316 159 4366 Ne
174 4332 228 4367 non
245 4315 387 4382 ubique-irs
403 4314 511 4367 btando
530 4313 610 4382 pari
626 4328 676 4363 er·
725 4311 819 4378 prisco
841 4325 858 4359 a
876 4306 971 4357 vesica
993 4308 1063 4373 pede
1086 4307 1213 4375 displosa
1236 4309 1288 4363 du·

115 4397 188 4432 rnre
204 4383 239 4435 sit
258 4382 385 4435 decius.
560 4406 563 4411 ·
726 4382 801 4431 etum
821 4377 964 4426 notatur.“
982 4374 1092 4428 Banna.
1112 4377 1130 4427 Ι.
1147 4392 1170 4428 c.

155 4448 257 4503 Colotes
335 4448 478 4502 mutilatas
498 4445 549 4513 est]
580 4442 675 4499 Gavil·
759 4448 785 4498 4.
820 4441 1197 4511 apbilosoplsosntulansnon
1210 4461 1288 4514 opor·

1112 4535 1134 4601 2
