2950 4992
196 148 258 215 152
677 140 887 211 Maeaoau

194 338 264 385 rere
284 324 480 384 ettenorum
500 314 549 382 rel
572 313 746 379 limmatum
767 314 886 381 minuta
909 313 1050 394 subtilia,
1078 322 1110 379 et
1131 315 1208 402 quid
1231 316 1264 383 in
1285 320 1373 385 sonis
1470 312 1471 317 ’

196 426 253 491 pro
275 404 380 481 litera,
403 402 476 488 quid
500 422 557 486 pro
577 400 705 486 syllaba,
727 400 802 486 quid
824 422 880 488 pro
901 402 1021 485 integro
1044 400 1171 467 nomina
1193 405 1372 489 accipiatur,

146 490 338 561 lindserere
360 486 544 555 ostentantis
565 493 628 564 est,
654 506 718 551 non
739 486 887 552 docentis.
938 488 1004 554 Nec
1025 489 1124 563 enim,
1155 490 1228 574 quia
1245 488 1317 555 iecit
1338 492 1372 557 in
1471 532 1472 543 ι

196 576 255 643 boc
278 576 346 640 loco
368 573 477 641 Cicero
505 572 640 638 musicae
661 573 868 648 mentionem,
896 573 1057 638 occasione
1078 571 1136 638 bac
1162 575 1299 641 eundum
1322 586 1373 643 est

196 682 252 747 per
273 662 435 725 universos
455 667 603 723 tractatus
623 658 678 744 qui
700 666 831 745 possunt
850 678 917 723 asse
937 658 976 723 de
1001 659 1134 735 musica,
1154 680 1248 744 quos,
1272 683 1373 747 quan·

196 756 263 812 tum
286 767 353 811 mea
372 744 432 810 sert
452 744 568 830 opinio,
586 743 754 809 terminum
776 743 889 809 babere
910 764 973 808 non
992 744 1135 809 aestimo:
1155 744 1206 809 sed
1227 746 1278 811 illa
1296 756 1376 813 mant

196 832 425 917 persequenda,
460 830 574 915 quibus
593 830 687 894 rerba
709 850 790 914 quae
810 829 1000 915 explananda
1023 830 1175 915 receperis
1194 833 1311 916 possint
1333 833 1373 897 li·

197 938 310 1003 quere:
353 918 426 1003 quia
447 917 479 981 in
502 936 535 981 rc
557 914 740 980 naturaliter
767 915 897 981 obscure
927 916 980 1001 qui
1010 914 1042 979 in
1070 916 1251 1001 exponendo
1277 918 1371 1002 plura

196 1024 290 1090 quam
313 1022 438 1067 necesse
460 1009 509 1067 est
530 1000 740 1086 superfundit,
767 1001 851 1065 addit
871 1002 1031 1079 tenebras,
1054 1022 1116 1065 non
1139 1001 1246 1068 adimit
1266 1002 1370 1068 densi·

150 1090 302 1156 ldtatem.
350 1086 439 1153 Unde
460 1086 553 1151 linem
576 1087 615 1152 de
637 1085 695 1151 bac
716 1093 864 1151 tractatus
886 1095 973 1172 parte
999 1086 1145 1151 iaciemus
1164 1088 1282 1153 adiecto
1304 1109 1372 1155 unc

113 1169 120 1182 '
198 1174 282 1260 quod
302 1172 382 1239 scitu
401 1172 528 1257 dignum
548 1180 709 1256 putamus:
750 1173 837 1258 quia,
873 1193 943 1237 cum
972 1172 1034 1237 sint
1056 1173 1207 1238 melodiae
1235 1174 1371 1239 musicae

197 1260 256 1325 tria
277 1264 405 1344 genera,
428 1260 638 1324 enarmonium
659 1257 819 1323 diatonum
838 1266 870 1323 et
889 1257 1125 1333 chromaticum,
1147 1260 1281 1343 primurn
1302 1261 1373 1345 qai-

198 1345 268 1410 dem
296 1351 423 1432 propter
448 1344 575 1409 nimiam
601 1344 649 1408 sui
676 1342 887 1409 difficultatem
914 1343 953 1408 ab
978 1364 1039 1408 usu
1065 1344 1206 1420 recessit,
1243 1346 1371 1412 tertium

198 1451 272 1498 vcro
298 1438 346 1495 est
365 1429 478 1495 infame
499 1430 643 1494 mollitie:
682 1429 766 1494 unde
787 1428 938 1507 medium,
963 1428 994 1494 id
1016 1436 1064 1493 est
1082 1429 1258 1509 diatonum,
1280 1452 1373 1497 mun·

150 1518 295 1583 lddanae
317 1516 452 1581 musicae
474 1515 612 1581 doctrina
633 1514 772 1579 Platonis
794 1515 966 1580 ascribitur.
1007 1515 1071 1581 Nec
1093 1513 1152 1579 boc
1175 1516 1257 1581 inter
1303 1538 1372 1583 rae·

147 1602 368 1687 [ree1tereunde
397 1622 563 1700 ponemus,
604 1600 686 1687 quod
714 1602 864 1665 musicam
887 1607 1039 1751 perpetua
1068 1600 1143 1665 caeli
1178 1539 1371 1669 volubilitate

201 1697 377 1755 nascentem
397 1687 467 1753 ideo
488 1688 568 1753 clare
590 1707 653 1752 non
673 1687 825 1753 sentimus
846 1706 886 1753 au
909 1687 969 1766 itu,
998 1686 1069 1770 quia
1091 1686 1190 1751 maior
1210 1708 1305 1753 sonus
1323 1698 1374 1754 est

265 1874 334 1927 blss.
350 1874 579 1939 BCFSPRleJ

195 1972 253 2008 rere
274 1974 326 2021 w
344 1959 415 2027 (elsg
433 1959 462 2011 in
480 1978 537 2029 mg.
553 1962 728 2028 percurrere).
755 1985 786 1996 -
817 1966 944 2012 teneram
968 1957 1036 2009 s-zl.
1071 1956 1142 2021 „Ed
1162 1962 1217 2010 ret.
1239 1966 1370 2013 tonorum.

195 2024 376 2077 Rectissime.
410 2026 481 2079 Nem
498 2044 585 2094 supra
601 2045 626 2078 c.
643 2032 668 2078 l.
691 2028 715 2093 [l
734 2030 770 2077 22
788 2028 858 2094 serp]
882 2025 1035 2093 distinguit
1055 2024 1130 2075 inter
1150 2034 1226 2078 tonos
1248 2035 1276 2079 et
1293 2032 1372 2081 serni-

195 2093 284 2158 tonia,
314 2110 385 2161 quse
402 2093 534 2160 λείμματα
555 2096 666 2147 Platoni
685 2099 848 2146 vocentur.“
874 2094 957 2144 Zeun.
984 2119 1016 2131 -
1039 2094 1144 2144 minata
1161 2096 1280 2146 subidia
1299 2098 1371 2159 (sic)

198 2160 293 2224 ‚‚bls.“
315 2189 347 2199 -
370 2178 420 2231 pro
437 2164 540 2230 syllaba
558 2164 718 2231 (nmquid)
736 2163 786 2213 Rl.
809 2189 843 2199 -
870 2162 1000 2212 adsuere
1017 2176 1036 2227 g
1055 2161 1082 2209 in
1100 2177 1157 2227 mg.
1181 2188 1211 2199 -·
1242 2168 1377 2217 astantis·

196 2229 250 2279 ltu.
403 2234 446 2282 lb.
481 2234 559 2300 quod
576 2234 641 2297 {ecit
659 2237 734 2298 (sup.
754 2230 794 2282 oct
813 2230 890 2297 qaia)
914 2227 943 2277 C.
967 2256 1000 2264 -
1028 2228 1185 2283 mentionem
1202 2233 1318 2282 maricae
1335 2232 1369 2285 F.

196 2298 351 2350 mentionem
367 2305 434 2360 (om.
452 2302 581 2362 musicae)
597 2301 620 2352 1.
638 2300 806 2351 -eundem
825 2304 862 2347 est
881 2295 931 2345 Ru.
949 2322 982 2332 -
996 2298 1052 2358 fert
1066 2310 1124 2345 mea
1141 2296 1194 2346 Rl.
1211 2324 1243 2333 -
1262 2301 1371 2353 extima

196 2372 241 2417 vl.
276 2368 415 2419 existimo
433 2373 510 2439 vss-g.
532 2398 567 2407 -
591 2369 773 2438 persequenda
790 2374 850 2417 sant
867 2363 899 2415 F.
918 2370 993 2437 'sunt
1013 2362 1217 2429 perquirenda
1234 2363 1309 2415 llll).
1336 2395 1366 2405 -
1471 2418 1474 2425 ,

197 2436 355 2503 susceperis
374 2434 407 2485 F.
433 2465 467 2474 -
492 2444 556 2505 posi
576 2444 654 2502 (sup.
672 2438 739 2494 sint}
759 2436 857 2503 liquere
874 2430 904 2483 0.
951 2432 1049 2499 liquere
1069 2431 1171 2497 possint
1187 2429 1218 2481 F.
1244 2458 1277 2467 -—
1306 2449 1368 2498 qua

197 2508 274 2569 (sup.
292 2505 315 2563 ι)
333 2504 361 2554 in
379 2521 408 2556 re
424 2503 457 2556 F.
611 2509 652 2557 13.
680 2506 776 2571 fidem
796 2509 872 2567 (sap.
890 2504 922 2559 n]
939 2498 971 2550 F.
989 2526 1021 2536 -
1038 2497 1146 2561 faciam
1165 2498 1195 2547 C.
1212 2524 1246 2535 -
1263 2499 1367 2552 adiecto

198 2572 277 2631 (add.
295 2586 312 2622 o
331 2589 387 2624 sec.
403 2590 439 2624 m.
457 2578 524 2633 unc)
543 2573 573 2623 0.
596 2602 629 2611 -
653 2572 736 2624 dicta
752 2572 865 2640 dignum
884 2568 915 2619 0.
936 2594 972 2607 -
993 2568 1194 2617 enarmonicum
1210 2565 1312 2629 viagG.
1332 2596 1369 2605 -

197 2640 383 2691 chromaticam
400 2646 469 2701 (orn.
493 2648 531 2702 et)
552 2641 584 2692 F.
624 2648 650 2692 et
666 2640 834 2692 aromaticum
857 2637 907 2686 ltu.
930 2665 964 2673 —-
988 2635 1175 2700 difficultatem
1194 2635 1234 2686 aui
1251 2634 1283 2686 F.
1315 2638 1372 2701 fa·

197 2708 322 2758 cultatem
340 2716 415 2775 (sup.
434 2711 533 2775 diffie.)
552 2712 595 2761 sui
611 2710 664 2760 lll.
681 2738 712 2746 —
732 2708 837 2761 recedit
854 2704 909 2756 Ta.
929 2732 962 2742 -
976 2704 1076 2767 infame
1093 2710 1131 2754 est
1147 2703 1198 2753 Ra.
1216 2730 1248 2740 -—
1264 2711 1373 2771 propter

196 2775 339 2827 molliciem
357 2774 387 2825 ll.
406 2802 439 2815 -·
458 2778 616 2829 diatonium
635 2778 686 2828 111.
841 2777 883 2824 14.
920 2772 976 2825 Nec
992 2773 1061 2823 inter
1076 2772 1270 2840 praetereunda
1286 2789 1370 2841 pone-

198 2945 297 3004 lunae,
332 2940 437 3011 quippe
457 2962 529 3012 qnae
550 2952 580 2998 et
600 2946 697 2999 intima
720 2944 760 2996 sit
809 2942 906 2994 britate
931 2940 1097 2993 modulorum
1122 2940 1270 2991 suaviorem
1294 2940 1373 2992 babet

198 3017 229 3063 et
262 3011 385 3064 omnium
419 3014 569 3066 celerrime
604 3021 760 3067 artarentur.
810 3009 1017 3061 delectationem.
1063 3007 1147 3059 Mart.
1173 3006 1279 3075 Capell.
1310 3009 1373 3075 [lib.

198 3081 261 3132 Vid.
280 3082 316 3131 ll.
333 3079 432 3148 steph.
452 3081 539 3135 'l'ben
564 3084 612 3134 Gr.
630 3081 662 3133 b.
685 3099 709 3134 s.
732 3099 759 3135 v.
809 3078 860 3141 lx,
878 3078 890 3142 d
907 3077 979 3142 956]
1005 3076 1157 3137 Cbroma,
1177 3075 1278 3142 inquit,
1294 3079 1373 3128 aemi-

196 3141 313 3207 ῧπατος.
346 3148 423 3199 Adde
440 3150 515 3202 Plut.
537 3152 572 3203 da
591 3150 700 3202 Musica
722 3149 759 3216 [c.
810 3146 890 3199 toniis
906 3144 1077 3211 componitur.
1116 3144 1283 3209 sicutenim,
1301 3144 1372 3211 qaod

200 3221 233 3268 19
255 3223 283 3267 et
299 3219 334 3265 22
352 3216 435 3283 aq.].“
454 3218 541 3271 Zaira.
811 3216 879 3266 inter
895 3212 983 3263 album
1001 3219 1025 3261 ct
1036 3211 1157 3279 nigrum,
1176 3212 1247 3263 color
1264 3213 1372 3277 dicitur,

234 3308 354 3352 mmm
372 3302 414 3353 „ep
433 3301 590 3370 nmmum]
621 3302 665 3357 cp.
688 3320 711 3354 ο,
735 3305 759 3365 η,
811 3284 851 3334 ita
872 3280 919 3331 boc
942 3279 1063 3341 chroma,
1097 3280 1162 3345 qaia
1185 3281 1254 3332 inter
1280 3298 1372 3331 enar-

810 3350 952 3402 monium
970 3355 994 3398 ct
1011 3347 1181 3399 diatonum
1199 3356 1251 3429 est,
1287 3350 1373 3400 nomi·

234 3474 275 3522 1³-
312 3471 386 3540 αν]
405 3472 466 3523 vu·
485 3476 540 3524 nu·
558 3471 593 3523 u
612 3469 636 3533 1.
654 3474 681 3535 ⁶,
698 3473 742 3522 α.
809 3414 1284 3552 lllll.l.tll..f...ll.-.tlll3
1296 3431 1374 3537 tlt?

234 3558 424 3616 enarmonium,
443 3558 581 3609 diatonum
599 3564 624 3607 et
641 3555 760 3607 claroma-
815 3556 918 3605 Gencra
935 3552 1096 3603 modulandi
1120 3560 1180 3603 arrnt
1197 3553 1265 3609 tria,
1292 3546 1373 3618 ἐναρ-

199 3620 291 3686 ticam]
309 3622 476 3683 „Plutarcb
493 3626 527 3675 de
543 3624 641 3674 Music.
660 3621 694 3689 [c.
707 3619 761 3689 32]
809 3619 921 3688 μάνιον,
940 3618 1051 3686 χρῶμα,
1070 3613 1206 3670 διάτονον.
1240 3614 1373 3685 Ἐναρμό-

198 3687 282 3770 τριῶν
300 3684 388 3769 ὄνησιν
404 3692 507 3757 μερῶν,
540 3689 579 3773 εἰς
596 3684 762 3770 incipiemus
811 3690 1004 3770 vcovnpaidem
1029 3687 1224 3805 ‘²³⁶f‘l'.b⁹'¹⁰‘¹
1250 3688 1373 3755 pluribus

198 3756 762 3892 tilj‘tltlltll‘llallitt,‘tl
812 3762 1374 3891 ttlll.t‘..tlf¹;ltt'ttt.lllltllz

193 3892 319 3959 panias
350 3899 379 3944 et
396 3893 431 3959 [c.
449 3892 502 3959 33.]
524 3891 617 3957 Δῆλον
633 3886 701 3958 γὰρ,
718 3884 763 3943 ὅτι
812 3891 909 3959 χρῶμα
929 3892 999 3959 quod
1019 3892 1051 3942 de
1071 3891 1221 3944 hemitoniis
1239 3893 1374 3959 componi-

197 3953 289 4047 οἱμὲν
312 3930 447 4028 άρμονικὴ
470 3959 556 4028 γενῶν
581 3975 610 4010 τε
632 3958 688 4010 τῶν
709 3958 762 4009 τοῦ
812 3969 869 4023 tur,
904 3966 932 4011 et
955 3960 1027 4025 darec
1050 3966 1207 4025 sequuntur
1231 3976 1317 4026 usque
1335 3960 1373 4012 etl

198 4025 373 4096 ηρμοσμένον
407 4026 455 4080 nul
489 4020 681 4093 διαστημάτων
714 4024 762 4077 noel
813 4026 826 4093 ᾗ
853 4032 913 4079 957.
941 4028 1039 4079 verbe:
1079 4029 1132 4080 Sed
1163 4046 1234 4079 nanc
1258 4028 1374 4079 manime

199 4092 380 4164 συστημάτων
405 4094 454 4148 nal
482 4090 615 4163 φθόγγων
643 4091 692 4146 nael
715 4089 761 4145 τό·
813 4095 953 4147 diatono
975 4097 1082 4148 utimur.
1123 4096 1199 4147 ddda
1222 4094 1235 4160 ᾗ
1258 4098 1318 4148 942.
1344 4100 1374 4149 el

197 4182 253 4217 νων
283 4163 333 4218 nal
363 4162 523 4232 μεταβολῶν
555 4162 763 4229 συστηματικῶν
813 4164 915 4231 iragsn.
934 4179 978 4229 ap.
999 4163 1145 4217 censorin.
1165 4167 1211 4226 12,
1229 4168 1253 4214 l.

197 4229 254 4286 ἐστι
274 4227 483 4302 γνωστική”[ο1.
507 4232 545 4283 ib.
570 4231 679 4297 σ.11.].
714 4230 762 4282 vi·
847 4235 888 4282 14.
923 4248 976 4282 non
995 4235 1121 4285 sentimus
1139 4230 1246 4298 auditu]
1268 4231 1373 4284 Censo-

197 4307 270 4351 trnr.
295 4300 331 4363 V,
362 4303 387 4350 4.
416 4300 519 4353 Genera
541 4299 761 4364 modulationum,
812 4299 868 4353 rin.
891 4301 937 4361 1³,
967 4303 990 4349 1.
1016 4308 1046 4352 ut
1065 4300 1245 4352 dulcissimam
1269 4301 1374 4367 quidem

197 4367 303 4432 inquit,
337 4374 397 4418 sunt
421 4369 484 4421 tria.
524 4368 659 4432 Primum,
691 4368 762 4435 quad
812 4366 951 4419 concinant
967 4368 1111 4430 melodiae,
1130 4369 1176 4419 sed
1191 4368 1375 4419 nobiainass-

201 4434 298 4484 Graeci
316 4443 412 4487 cocant
427 4436 647 4496 harmoniam,
669 4452 762 4486 secan·
813 4432 949 4485 dibilem
967 4440 1076 4500 propter
1093 4436 1187 4486 uocis
1205 4437 1375 4505 magnitu-

200 4496 262 4545 dum
280 4498 428 4560 elisama,
453 4503 559 4552 tertium
577 4503 761 4554 diatonum.
812 4500 934 4561 dinem,
965 4504 1045 4566 qaam
1063 4517 1157 4567 capere
1174 4504 1304 4555 aurium
1320 4522 1373 4555 no·

200 4593 225 4608 ..
247 4561 382 4613 Glrrcma
406 4567 498 4619 subtili
518 4569 627 4621 solertia
644 4586 676 4621 ec
694 4570 762 4621 cele·
812 4576 956 4623 atrorum
978 4569 1163 4637 angustiae
1182 4586 1236 4623 non
1258 4572 1372 4641 possint.

172 3360 426 3436 'mmum„
