2950 4992
168 92 307 160 COMM.
329 92 373 157 IN
396 89 523 157 SOMN.
545 88 643 155 SCIP.
686 92 762 155 LlB.
784 90 822 154 11.
866 88 956 156 CAP.
975 92 1057 158 xvl.
1080 91 1178 159 XVII.
1222 94 1285 159 213

105 273 195 330 turae
217 282 280 327 non
303 261 343 326 sit
364 268 456 345 aptus
477 259 705 344 indagandum,
740 260 796 325 sed
818 261 918 325 solum
941 262 1056 347 optima
1078 262 1283 328 conscientiae

105 350 179 413 dote
199 355 321 412 erectus
347 346 385 411 ed
409 366 521 431 supera
543 345 701 411 doctrinae
726 344 948 430 supellectilem
971 348 1009 412 ad
1031 348 1210 413 exercitium
1237 349 1281 414 di-

104 434 195 501 vinae
216 431 433 517 disputationis
453 430 620 515 expendet,
650 438 783 495 sectator
803 431 996 509 caelestium,
1024 434 1130 498 devius
1150 434 1279 499 caduco-

104 540 191 596 rum,
225 519 251 583 is
274 538 399 603 quoque
422 515 459 580 ad
480 516 556 579 caeli
586 516 732 581 verticem
756 515 864 581 otiosis
888 516 1052 581 virtutihus
1081 518 1278 585 subvehatur.

104 605 203 690 Saepe
223 612 328 667 tamen
351 601 463 677 evenit,
486 609 522 666 ut
541 600 623 665 idem
644 611 751 686 pectus
773 608 805 665 et
825 601 935 686 agendi
958 611 990 665 et
1009 602 1184 687 disputandi
1210 626 1277 689 pcr—
1309 606 1327 667 l

104 689 237 754 sectione
272 687 404 753 sublime
435 686 488 762 sit,
528 693 561 751 et
590 687 709 752 caelum
740 694 874 772 utroque
908 687 1094 772 adipiscatur
1130 690 1276 754 exercitio

103 776 264 842 virtutum.
315 771 468 837 Romulus
489 772 579 837 nohis
600 772 632 836 in
658 774 759 857 primo
781 793 892 857 genera
918 781 1064 858 ponatur,
1105 773 1193 838 cuius
1215 774 1276 839 vita
1307 772 1326 838 8

103 861 233 925 virtutes
254 878 424 942 numquam
445 856 596 933 desecuit,
618 879 740 941 sompes
762 857 914 922 exercuit:
954 858 984 921 in
1007 858 1142 923 secundo
1163 858 1276 943 Pytha-

102 966 204 1030 goras,
226 944 278 1028 qui
299 942 407 1027 agendi
431 943 551 1007 nescius
570 942 629 1007 fuit
648 943 757 1007 artifex
778 942 947 1008 disserendi
969 950 1001 1008 et
1019 944 1099 1008 solas
1117 944 1274 1009 doetrinae

102 1041 135 1095 et
154 1029 358 1095 conscientiae
379 1028 508 1093 virtutes
529 1037 653 1093 secutus
670 1038 731 1093 est:
760 1028 800 1092 sit
822 1028 853 1092 in
873 1028 965 1092 tertio
985 1050 1019 1096 aa
1042 1029 1138 1093 mixto
1161 1050 1273 1113 genere

101 1114 185 1201 apud
207 1114 341 1180 Graecos
362 1116 519 1200 Lycurgus
541 1120 573 1178 et
592 1113 701 1191 Solon,
734 1114 815 1177 inter
835 1115 991 1178 Romanos
1013 1115 1113 1179 Numa
1139 1114 1272 1180 Catones

101 1200 193 1266 amho
217 1199 369 1286 multique
392 1198 442 1264 alii
466 1198 520 1284 qui
546 1206 578 1263 ct
602 1198 827 1283 philosophiam
856 1197 1026 1263 hauserunt
1052 1200 1143 1264 altius
1171 1208 1203 1264 et
1222 1200 1272 1264 lir-

101 1293 292 1351 mamentum
319 1286 363 1349 rei
387 1283 526 1369 publicae
554 1286 789 1367 praestiterunt:
825 1284 882 1349 soli
908 1283 990 1349 enim
1019 1283 1186 1369 sapientiae
1207 1286 1271 1349 otio

101 1371 222 1436 deditos
251 1378 287 1435 ut
317 1370 439 1435 abunde
467 1369 595 1434 Graecia
624 1370 696 1435 tulit
727 1370 769 1435 ita
795 1371 894 1434 Roma
927 1369 1062 1434 nescivit.
1115 1368 1270 1447 Quoniam
1301 1368 1321 1431 9

100 1456 196 1540 igitur
212 1455 375 1521 Africanus
397 1462 510 1530 noster,
529 1476 622 1539 quem
644 1456 737 1521 modo
755 1476 829 1519 avus
848 1462 1028 1539 praeceptor
1044 1454 1186 1531 instituit,
1207 1466 1320 1537 expes]

101 1542 155 1605 illo
176 1562 288 1626 genere
311 1550 359 1605 est
379 1540 463 1627 quod
483 1547 514 1604 et
534 1540 573 1604 de
594 1540 732 1606 doctrina
750 1540 871 1606 vivendi
897 1540 1034 1624 reguiam
1058 1547 1217 1605 mutuatur
1237 1545 1269 1603 et

99 1635 213 1693 statum
241 1627 398 1713 publicum
424 1625 589 1691 virtutihus
614 1625 716 1705 fulcit,
754 1626 824 1691 ideo
852 1625 881 1689 ei
907 1624 1102 1711 perfectionis
1128 1625 1268 1711 geminae

895 1814 980 1877 [Ε66.
1000 1812 1202 1881 aicahgspdnh.

98 1904 125 1949 6.
160 1899 242 1950 insita
257 1900 384 1950 oirtute
403 1905 479 1967 (sup.
497 1919 514 1951 o
532 1899 595 1951 add.
614 1904 644 1966 q)
662 1899 694 1949 B.
709 1925 742 1937 -
763 1901 851 1966 opima
868 1900 920 1949 162.
942 1926 975 1936 -
994 1906 1106 1965 ereptus
1123 1898 1170 1949 ria
1188 1903 1221 1963 [g
1241 1896 1268 1946 in

99 1972 189 2032 mg·);
208 1967 320 2017 Medius
339 1983 382 2033 ep.
399 1972 448 2032 20,
468 1987 494 2034 p.
514 1972 555 2018 93.
574 1968 699 2018 restituit
716 1976 824 2036 meatus.
838 1997 872 2005 -
889 1968 926 2017 a'd
946 1983 1067 2033 superno
1086 1966 1107 2015 F
1110 1967 1147 2017 l)l
1165 1965 1270 2030 „lectio

98 2033 225 2101 scripta“
247 2034 321 2085 hlod.
344 2035 363 2085 l.
384 2052 408 2084 e.
428 2036 648 2098 ‚‚mcmhranae“
671 2034 751 2085 Pont.
773 2034 864 2100 ‚,0x.“
891 2062 926 2073 ·-=
955 2035 1144 2103 disputationis
1163 2034 1271 2085 divinae

98 2102 150 2151 R2.
181 2129 207 2138 -
240 2102 397 2153 caducorum
414 2102 553 2155 dcviueF.
596 2104 629 2154 de
647 2103 734 2153 huius
752 2106 908 2154 caducorum
926 2100 960 2151 Β.
992 2130 1018 2139 ···
1050 2102 1205 2153 subvehatur
1222 2100 1267 2151 BS

98 2169 383 2236 uravtaguulorrm
400 2173 437 2233 „4
454 2171 527 2223 01.“
574 2171 733 2222 subvehitur
754 2169 879 2223 Fch·hP.
1032 2174 1056 2224 7.
1091 2170 1161 2221 ideas
1179 2176 1269 2234 aptas

97 2237 129 2289 F.
153 2266 181 2275 -
203 2239 363 2304 perfectione
381 2240 509 2290 sublimia
526 2238 558 2289 F.
593 2240 702 2289 anhlime
717 2240 878 2305 perfectione
895 2237 928 2287 B.
950 2263 976 2275 -—
996 2244 1116 2303 atraque
1134 2236 1269 2301 adipisca-

97 2314 142 2357 tur
165 2307 332 2357 exercitatio
357 2302 409 2355 Rl.
576 2310 601 2355 8.
638 2308 712 2356 cuius
736 2308 845 2356 uirtutes
868 2310 943 2371 (sup.
966 2304 1030 2354 add.
1058 2306 1128 2361 uita)
1154 2303 1204 2353 Rl.
1233 2331 1268 2341 -

96 2390 242 2492 tttt‘m
259 2372 719 2500 ‘tta⁸2⁴¹·<.t¹'‘⁶t‘'t²“tttlr··
737 2374 934 2489 ‘hillidii
948 2372 1065 2488 Silai?
1078 2370 1135 2487 iii·
1171 2370 1267 2488 ‘¹³33

96 2507 243 2558 uanum.
280 2458 373 2557 sicli),
390 2534 425 2544 -
446 2458 572 2557 inmixto
590 2506 624 2555 B.
644 2534 674 2542 -
700 2514 843 2557 annuunt
862 2504 898 2565 (F
916 2522 987 2555 corr.
1006 2504 1034 2553 in
1050 2504 1139 2563 haias.)
1160 2504 1212 2553 Hl.
1233 2531 1267 2539 —

97 2575 151 2625 otio
168 2575 315 2640 sapientiae
331 2575 381 2624 Rl.
427 2574 575 2639 sapientiae
592 2572 669 2633 (add.
688 2589 705 2623 a
722 2589 779 2623 sec.
797 2590 832 2623 m.
851 2574 917 2631 otia)
934 2570 966 2621 ll.
1008 2572 1145 2638 sapientia
1162 2572 1214 2622 atio
1234 2570 1266 2621 F.

97 2641 222 2708 capienti
240 2642 292 2691 otio
309 2639 528 2703 ‚‚memhranae“
546 2640 621 2689 Mod.
641 2640 659 2691 l.
675 2657 699 2689 c.
726 2668 761 2677 -—
788 2640 898 2691 deditae.
917 2647 945 2690 ut
963 2640 1067 2690 ahnside
1085 2640 1215 2691 deditos
1233 2638 1264 2689 lt.

96 2705 689 2769 -nescioitMss.l)10ffl‚,memhronae“
709 2706 781 2757 lllod.
801 2709 820 2759 l.
839 2724 863 2757 c.
896 2725 957 2759 non
975 2708 1084 2757 nescivit
1101 2706 1170 2757 Edd.
1207 2706 1265 2757 vid.

97 2781 154 2827 not.
306 2778 332 2825 9.
368 2791 443 2841 quem
461 2776 629 2827 admodum
648 2782 723 2841 (erip.
742 2776 832 2835 mado)
846 2774 877 2825 F.
894 2802 926 2813 -
945 2782 1072 2826 mutatur
1088 2774 1139 2825 m.
1157 2801 1188 2812 -
1207 2776 1267 2827 idco

129 2944 156 2993 6.
187 2942 286 3008 optima
298 2942 472 2993 conscientiae
483 2943 543 2993 dote
556 2951 657 2994 erectus
707 2949 762 3005 tes,
799 2943 919 2993 alterum
946 2943 981 2995 ad
1007 2941 1099 3009 ipsam
1121 2941 1263 2994 hominem

96 3011 133 3061 ad
150 3008 257 3076 supera]
280 3009 322 3060 Cl.
339 3009 365 3072 1,
384 3014 414 3070 6,
432 3014 459 3059 8.
477 3013 523 3077 qni
540 3012 656 3063 decreuit
705 3010 816 3061 reterri.

95 3095 124 3130 se
139 3094 158 3128 a
174 3078 288 3143 corporis
311 3079 473 3146 cogitatione
492 3095 612 3146 purgare
629 3087 655 3130 et
738 3083 763 3129 8.
799 3078 982 3144 conscientiae]
1005 3076 1064 3129 Vid.
1082 3081 1138 3129 not.
1157 3077 1191 3128 ad
1208 3077 1221 3141 5
1237 3081 1262 3127 6.

96 3145 211 3213 pandam
239 3144 412 3197 humanorum
438 3149 510 3213 suga
538 3147 600 3197 eolis
627 3163 655 3197 ce
738 3147 866 3213 maeltipue
891 3145 951 3210 alii]
979 3144 1083 3205 „Talis
1111 3146 1163 3195 ille
1189 3144 1263 3209 apud

94 3216 207 3264 inserere
225 3214 381 3264 divinis—
404 3214 570 3267 Conscientia
586 3216 613 3263 h.
633 3215 652 3264 l.
705 3214 838 3264 Tacitum
871 3212 956 3279 [llist.
983 3212 1034 3274 lV,
1064 3218 1105 3272 6.)
1131 3211 1261 3263 Priscus:

94 3282 217 3333 refertur
235 3282 268 3331 ad
287 3281 375 3332 animi
394 3280 526 3339 indolem.
545 3282 582 3332 ci.
599 3282 611 3347 ᾗ
627 3286 652 3331 8.
705 3282 845 3333 Heluidius
866 3282 984 3343 Priscus,
1001 3280 1105 3345 inquit,
1125 3281 1262 3348 ingenium

94 3350 136 3399 De
159 3348 217 3400 alio
239 3348 325 3399 huius
353 3349 523 3401 substantivi
554 3356 582 3399 et
604 3350 654 3401 atl-
703 3352 814 3400 inlustre
828 3350 966 3400 altioribus
981 3349 1076 3399 stadiis
1093 3349 1195 3398 incertia
1212 3348 1264 3397 ad·

95 3416 191 3469 iectivi
221 3418 340 3468 consciae
370 3433 423 3467 usu
452 3416 509 3469 vid.
538 3423 593 3467 not.
619 3418 653 3469 ad
703 3420 809 3469 modam
829 3418 915 3467 dedit:
947 3434 1000 3467 nan
1020 3423 1049 3467 ut
1067 3416 1201 3482 plerique,
1234 3422 1264 3466 ut

96 3485 154 3537 Sat.
172 3484 195 3544 1,
215 3488 241 3545 9,
259 3489 286 3533 8.
644 3531 646 3535 .
703 3485 808 3536 nomine
824 3500 905 3551 segne
921 3486 1002 3535 otinm
1020 3484 1263 3549 velaret‚scde1ao

128 3552 221 3603 deciae
233 3549 399 3617 caducorum]
418 3549 460 3602 Cf.
475 3550 499 3614 Ι,
510 3555 536 3613 6,
547 3554 572 3599 8.
588 3568 654 3617 qua·
697 3554 805 3618 firmior
822 3555 948 3604 adoneae
961 3553 1080 3616 fortuita
1099 3568 1154 3601 rem
1173 3552 1263 3617 puhli—
1347 3574 1364 3599 a

97 3622 159 3672 dara
190 3620 402 3670 humanorum
425 3621 523 3687 suga·
561 3618 654 3669 Huius
703 3638 762 3671 cam
781 3626 926 3687 capesseret
945 3622 1018 3670 etc.“
1038 3619 1125 3673 Pons.
1143 3645 1176 3656 -·
1195 3616 1263 3669 Om-

95 3686 314 3739 cunstructionis
339 3686 467 3752 poeticae
490 3686 561 3737 haec
584 3686 655 3738 affe·
704 3705 754 3738 nes
771 3688 840 3751 lere,
859 3688 905 3753 qui
921 3688 950 3737 h.
969 3688 987 3737 Ι.
1005 3687 1185 3738 nominantur
1200 3702 1262 3737 curu

95 3760 195 3807 rantur
212 3756 354 3820 exemplu:
383 3753 436 3805 Sil.
455 3753 481 3814 l,
500 3759 543 3805 57.
566 3756 652 3807 liseu-
701 3756 769 3807 aliis
785 3755 927 3807 nonnullis
945 3762 1146 3807 commemorat
1164 3753 1262 3804 Cicero

94 3840 191 3891 perans
217 3830 293 3885 aeta,
330 3822 376 3873 ceri
404 3822 519 3872 deviae
547 3822 652 3889 aequi,
703 3823 1016 3885 deornt.lll‚15,56.

95 3891 168 3954 virt,
186 3894 246 3942 316.
264 3898 373 3957 pectora
390 3891 488 3941 devia
504 3892 600 3951 recti,
625 3896 654 3940 et
736 3892 875 3943 italiana
888 3890 1007 3957 nescivit]
1026 3889 1102 3953 „Nos
1120 3892 1260 3952 receptam

95 3960 179 4011 Mart.
200 3959 308 4023 capell.
334 3957 390 4019 ΙΙΙ,
421 3958 516 4021 §222
537 3958 653 4009 devius
702 3958 851 4011 lectionem
870 3956 1077 4026 [nannesciait]
1096 3973 1149 4008 nan
1170 3962 1263 4005 rnuta-

94 4028 301 4095 promissies.
336 4024 477 4076 Similiter
491 4024 653 4087 Macrobius
703 4027 808 4077 vimus:
833 4024 1262 4091 etplacetaaohpraeceden-

94 4097 118 4160 l,
134 4100 180 4158 ta,
199 4100 225 4146 2.
245 4095 317 4145 dixit
334 4093 472 4145 literarum
487 4094 619 4160 profanis.
702 4094 752 4156 tia,
768 4094 819 4159 uhi
832 4094 904 4145 inter
918 4094 1059 4144 Romanos
1073 4096 1263 4143 memorantur

127 4162 292 4229 euhvelietar]
318 4160 374 4227 Qui
396 4160 571 4227 scripserunt
592 4163 652 4212 sah·
701 4161 807 4225 Numa,
845 4162 964 4213 Catones
994 4162 1089 4223 umho,
1125 4158 1263 4225 multique

97 4231 210 4295 vehitur,
230 4231 251 4282 ii
269 4236 385 4297 propter
402 4228 572 4279 antecedens
591 4246 653 4280 ver·
702 4230 755 4282 alii
769 4230 816 4297 qui
835 4234 863 4281 et
879 4227 1089 4295 philosophiam
1108 4226 1264 4277 hauserunt

97 4298 161 4349 hum
176 4299 243 4350 cedit
261 4299 288 4362 (d
304 4302 344 4358 6.)
362 4297 418 4348 hoc
432 4297 537 4347 fecisse
555 4294 652 4347 viden·
702 4298 791 4350 altius
814 4303 842 4348 ot
870 4296 1075 4347 firmamentum
1099 4296 1141 4346 rei
1169 4296 1264 4361 publi·

97 4370 152 4417 tur.
184 4364 547 4431 dttcmporumdissensio
565 4363 656 4417 nemi·
703 4382 753 4417 cae
772 4366 991 4433 praebuerunt.“
1013 4364 1101 4415 Pons.
1120 4383 1152 4401 ε-
1171 4362 1206 4413 At
1228 4364 1263 4414 de
1354 4366 1363 4383 ⁴

5 4433 6 4465 ³
97 4448 159 4485 aem
175 4431 311 4494 offendet,
329 4433 376 4498 qni
394 4433 506 4498 qriidem
525 4433 651 4484 conside·
702 4434 764 4485 illis
783 4433 838 4485 iam
856 4449 909 4483 non
928 4438 972 4483 est
989 4448 1091 4494 sermo,
1110 4430 1158 4483 scd
1178 4432 1211 4481 de
1226 4431 1263 4483 iis

96 4498 203 4555 raverit
227 4500 347 4551 alterum
370 4502 486 4555 sethum
506 4502 542 4555 ad
565 4502 655 4555 rictu·
687 4500 752 4567 -qni
781 4501 833 4555 seli
858 4501 1006 4569 sapientiae
1029 4502 1082 4555 atie
1108 4500 1193 4553 dediti
1208 4500 1263 4570 trr-
1339 4497 1341 4501 ’
