2950 4992
247 128 251 135 ’
319 139 582 213 Excusatum
600 141 995 216 accasamentis.
1019 150 1058 215 Η.
1210 151 1274 217 225

442 399 650 467 suessos
682 399 925 468 socroms

160 566 546 659 RXOERPTUM
579 567 1108 659 MTHEMATIGUM
1142 574 1207 661 Π.

609 754 763 765 -υι-ι--ιι

169 852 298 920 Quamvis
315 852 446 906 Ambrosii
467 853 609 906 Theodosii
628 853 787 905 auctoritate
810 854 926 905 uniuersi
943 854 1013 907 ordis
1037 854 1150 908 ambitus
1167 856 1272 909 notati·
1292 864 1303 912 1

100 939 134 989 lis
156 939 296 998 tradentur,
331 944 419 989 tamea
441 939 505 1005 quia
526 938 559 989 al
580 938 627 989 illo
644 938 812 990 auctoritatis
833 938 902 990 ratio
922 938 999 1007 quasi
1019 940 1272 1006 praetermissum,

98 1022 246 1075 uolantibus
268 1021 334 1073 scire
355 1030 529 1089 proponatur.
568 1022 645 1088 Quod
665 1023 734 1073 enim
753 1039 770 1073 a
787 1022 919 1073 modernis
943 1022 1103 1090 impossibile
1127 1025 1273 1091 iudicatur,

98 1106 129 1158 id
144 1124 162 1157 a
178 1106 308 1157 ueteribus
327 1106 460 1173 sapientia
478 1108 543 1158 duce
555 1106 719 1171 facillimum
738 1108 905 1173 affirmatur,
928 1114 953 1159 et
972 1108 1041 1176 quod
1058 1109 1173 1177 corporis
1188 1110 1273 1161 sensi·

98 1191 147 1241 lus
163 1189 294 1259 indagari
311 1208 362 1241 non
378 1207 455 1257 posse
471 1192 588 1254 videtur,
606 1190 635 1241 id
652 1192 767 1242 rationis
783 1191 903 1241 acumine
920 1190 976 1242 tuoe
995 1192 1093 1243 clarius
1111 1192 1273 1262 indagatum

98 1274 218 1341 latetur.
256 1272 365 1341 Sumpta
383 1274 524 1343 lroroscopo
539 1275 586 1326 sat
601 1275 724 1325 stellatae
742 1274 826 1325 noctis
844 1274 1012 1337 claritudine,
1030 1276 1196 1343 inspectoque
1211 1278 1308 1345 polan

99 1376 157 1409 oum
175 1366 286 1425 utroque
302 1359 449 1411 mediclinii
461 1360 594 1423 foramine
608 1366 753 1427 notataque
772 1359 922 1427 graduum,
943 1360 972 1411 in
991 1360 1084 1427 quitus
1101 1361 1172 1411 stetit
1189 1360 1275 1411 medi-

99 1443 220 1507 clinicum,
247 1443 430 1506 multitudine,
457 1444 592 1512 profectus
610 1444 831 1494 estoosmimetra
850 1458 899 1508 per
921 1443 1047 1495 directam
1068 1443 1166 1495 lincam
1182 1451 1275 1495 contra

99 1526 299 1595 septentrionem
316 1544 333 1579 a
349 1528 467 1591 meridie,
486 1527 590 1578 tamdia
604 1526 685 1577 donec
703 1527 732 1577 in
752 1526 863 1577 alterius
881 1526 965 1577 noctis
983 1526 1142 1579 claritudine
1158 1528 1224 1593 uiso,
1244 1535 1276 1581 ut

68 1669 71 1674 ¹
97 1612 186 1679 prius,
208 1611 271 1679 polo
289 1629 346 1663 cum
361 1619 471 1679 utroque
489 1610 635 1662 mediclinii
647 1611 784 1675 foramine
802 1610 875 1662 stetit
890 1608 978 1677 ipsum
995 1610 1174 1664 mediclinium
1193 1612 1275 1665 altius

97 1696 203 1765 gradm
220 1696 299 1748 unius
316 1696 511 1747 numerositate.
562 1694 625 1745 Post
642 1694 827 1746 laceratione
846 1694 962 1746 dictante
983 1712 1087 1747 mensus
1105 1704 1144 1749 cst
1161 1696 1208 1749 lroo
1225 1696 1272 1749 iti-
1290 1700 1308 1748 3

98 1780 169 1830 neris
191 1780 307 1849 spatium
324 1788 350 1832 et
370 1787 465 1832 notata
487 1778 567 1830 huius
588 1780 738 1845 quantitate
759 1795 809 1829 oco
828 1778 919 1830 stadia
942 1779 997 1831 sive
1021 1795 1203 1832 mium.
1221 1782 1274 1833 mi-

99 1862 181 1914 liaria
202 1866 350 1930 affirmant.
402 1863 504 1915 Deinde
527 1863 599 1915 datis
622 1862 763 1929 unioutque
785 1876 868 1913 ccccx
889 1863 1055 1933 astrolapsus
1076 1865 1213 1933 graduum
1236 1872 1275 1919 tol

99 1948 195 1999 stadiis
212 1949 267 1999 sioe
284 1947 421 2013 miliariis,
451 1949 573 2017 inuentus
590 1954 629 1999 est
646 1946 762 1997 ambitus
779 1948 875 1997 terreni
894 1946 970 1998 ortis.
1008 1947 1079 1998 Nam
1097 1947 1275 2017 multiplicato

96 2048 146 2099 pes
168 2032 236 2083 alios
255 2032 363 2101 gradem
383 2031 463 2083 unius
486 2032 573 2099 spatio
595 2038 722 2098 quantum
747 2048 778 2083 ee
798 2030 847 2081 lrac
868 2030 1022 2098 prouenitur
1045 2030 1273 2099 multiplicatione,

98 2123 203 2167 tantum
220 2116 348 2168 contineri
362 2115 490 2183 probatur
508 2116 536 2167 in
553 2116 633 2167 totius
650 2115 746 2166 mundi
766 2114 927 2167 circuitione.
979 2116 1167 2168 Eratosthenes
1183 2116 1272 2183 philo·
1290 2120 1307 2169 4

99 2200 197 2268 soplrus
214 2200 440 2269 geometricaeque
456 2200 647 2268 sagacissimus
664 2201 746 2251 totius
764 2198 833 2250 orlris
854 2205 940 2251 terrae
959 2199 1097 2251 circuitum
1116 2215 1166 2266 per
1183 2200 1274 2251 imita·

98 2284 195 2337 tionem
212 2286 353 2353 gnomonis
370 2285 521 2337 umbrarum
540 2284 569 2335 in
592 2291 664 2335 terra
682 2279 825 2335 secundum
841 2292 931 2349 partes
948 2282 1054 2334 zodiaci
1070 2283 1208 2350 ingeniose
1225 2284 1274 2335 de-

96 2369 252 2439 prelrensum
273 2368 376 2421 CCLH
390 2368 480 2421 stadia
494 2368 524 2419 id
540 2374 579 2420 est
598 2366 732 2417 XXXI-o
750 2366 870 2418 miliaria
887 2368 1019 2419 continere
1037 2365 1149 2431 diffinit,
1168 2367 1274 2419 unicui-

99 2471 148 2521 que
166 2469 250 2504 eoaex
264 2453 383 2521 partium
401 2453 429 2502 in
449 2452 558 2502 zodiaco
576 2466 625 2501 oce
642 2451 748 2513 stadia,
784 2450 870 2501 idest
893 2466 1016 2503 saturn
1039 2449 1159 2501 miliario
1181 2456 1206 2501 et
1232 2466 1274 2503 se-

98 2538 202 2588 missem
220 2535 361 2601 deputans.
413 2535 457 2585 Es
474 2534 517 2585 isis
534 2533 609 2584 iusta
629 2534 753 2601 regulam
776 2531 868 2583 circuti
885 2540 910 2583 st
928 2532 1052 2584 diametri
1073 2532 1274 2585 crassitudinem
1291 2541 1308 2589 5

99 2636 145 2671 seu
162 2620 320 2670 diametrum
335 2625 422 2669 terroe
437 2618 475 2668 sic
493 2614 707 2684 comprehendere
717 2616 824 2682 poteris.
861 2617 947 2681 Auser
963 2612 1114 2667 vicesimam
1134 2617 1274 2670 secundam

99 2704 133 2754 de
150 2702 260 2753 circuitu
276 2708 372 2763 terrae,
387 2701 417 2750 id
433 2705 472 2750 est
489 2699 522 2749 de
542 2698 646 2750 CCLH
659 2699 755 2752 stadiis
771 2698 835 2750 totle
853 2699 896 2752 11
901 2715 1045 2751 macrones
1062 2706 1087 2751 et
1102 2702 1233 2753 semissem
1249 2710 1274 2755 et

99 2786 248 2840 vicesimam
267 2784 409 2837 secundam
425 2786 530 2852 partem
546 2782 626 2832 unius
643 2780 740 2844 stadii,
759 2791 784 2835 st
802 2790 938 2835 remanent
960 2782 1032 2837 CC*
1053 2800 1111 2835 cum
1130 2786 1235 2837 semisse
1249 2793 1275 2840 et

99 2888 154 2924 m
169 2870 291 2937 partitus
306 2867 389 2918 stadii
406 2867 501 2920 unius:
516 2866 608 2918 irarum
620 2867 701 2918 tertia
715 2883 792 2934 pars,
810 2868 839 2920 id
856 2876 894 2921 est
911 2867 1145 2920 LXXXmmxr
1158 2870 1235 2921 semis
1249 2877 1274 2923 et

99 2970 145 3007 ηι
161 2939 302 3005 vicesimas
318 2952 449 3004 secundae
465 2950 545 3003 unias
562 2949 659 3013 stadii,
682 2952 780 3002 terreni
797 2952 865 3004 ortis
883 2953 1040 3005 diametrum
1055 2968 1100 3003 seu
1120 2953 1274 3019 spissitudi-

98 3055 158 3091 nem
183 3039 260 3089 iueta
281 3036 446 3104 praedictam
472 3044 560 3089 terrae
586 3036 766 3087 circuitionem
791 3037 925 3087 dubietate
948 3036 1096 3104 postposita
1125 3038 1273 3091 continebit.

103 3124 179 3191 Quod
199 3122 302 3189 liquido
319 3122 386 3175 satis
403 3130 479 3174 caute
500 3120 656 3189 supputanti
671 3127 753 3186 patet.
792 3120 919 3187 Quamuis
939 3120 1088 3171 Macrobius
1106 3136 1185 3189 saper
1202 3130 1308 3178 som-6

98 3209 172 3261 nium
186 3206 318 3273 Scipionis
332 3207 403 3259 idem
417 3207 575 3259 diametrum
593 3204 700 3255 LXXX
713 3203 862 3257 stadiorum
877 3211 981 3258 tantam
996 3204 1038 3255 uel
1050 3222 1103 3256 uon
1118 3207 1199 3258 mutto
1212 3208 1275 3274 plus

100 3280 172 3345 cruat
190 3291 292 3342 casae.
328 3290 452 3341 Ameria
468 3289 566 3342 serrem
581 3288 650 3340 aar·
671 3288 776 3340 cccrr
790 3289 937 3339 asarenam
958 3290 1014 3339 orvs
1033 3288 1166 3341 xxm.»
1183 3291 1308 3346 metra-r

98 3377 141 3427 ria
153 3374 328 3450 llratostlrene
338 3373 492 3441 plrilosoplio
502 3374 631 3441 prolatus
646 3378 764 3436 auctore,
776 3372 852 3423 cuias
863 3372 1013 3423 vicesimam
1025 3379 1148 3439 quartam
1160 3381 1273 3447 partem,

98 3462 119 3513 i.
130 3477 152 3512 e.
168 3455 231 3511 ΧΑ)
244 3457 336 3511 stadia
347 3458 403 3509 siue
414 3472 531 3509 nocant
544 3457 622 3509 semis
636 3455 756 3507 miliaria
768 3456 807 3507 sol
820 3472 876 3507 una
887 3454 1049 3508 transcendit
1063 3455 1105 3507 uel
1117 3461 1274 3517 transcurrit

132 3610 175 3672 11,
203 3612 226 3661 1.
264 3609 391 3675 Quamvis
414 3608 478 3675 etos]
502 3606 661 3659 Gronovius
750 3606 864 3675 GClrll]
894 3605 913 3658 i.
940 3624 965 3659 e.
994 3607 1113 3661 ducenta
1139 3609 1275 3679 quiaqua-

98 3678 170 3729 haea
189 3675 347 3742 praemisiti
367 3676 491 3739 „Eodem
511 3676 661 3743 pertinent,
711 3674 792 3743 ginta
812 3674 865 3725 duo
885 3674 974 3727 milia.
1010 3674 1078 3728 Edd.
1098 3694 1180 3729 acan.

98 3745 293 3811 Macrobiique
334 3744 503 3795 mentionem
546 3744 660 3803 habeat.
745 3743 818 3811 tolie]
848 3743 920 3795 ΕΜ.
952 3745 1024 3797 tollo.
1068 3745 1104 3796 At
1132 3746 1276 3801 antecedit

98 3829 171 3880 quoa
207 3830 240 3863 οι
281 3812 334 3863 Ms-
371 3813 523 3881 Anglicano
558 3810 661 3864 incerti
711 3814 800 3877 aufer.

98 3879 223 3935 auctoris
246 3878 449 3946 excerpsimus·
751 3879 798 3930 CC
810 3915 815 3928 .
825 3913 832 3928 .
841 3878 974 3945 partibus]
986 3878 1063 3945 Lego
1079 3878 1273 3933 GCXMW

133 3965 275 4033 Ammon-q
293 3963 337 4015 cf·
355 3962 461 4014 cmm,
480 3961 503 4028 1,
521 3964 566 4027 2⁰,
585 3964 627 4013 13,
711 3963 770 3999 eum
786 3963 806 3998 ι
823 3948 954 3998 vicesimis
967 3948 1090 3998 secandis
1103 3947 1231 4013 partitus.

98 4046 473 4184 ndii⁰itiimis12i⁶⁹⁸i⁰
491 4044 660 4099 ⁰⁰¹¹¹⁰⁰¹⁰²⁸·
745 4017 771 4133 il
805 4014 1212 4149 intiitlt'hfi‘llltrffiii:
1230 4018 1275 4134 ‘iil

132 4206 158 4252 2
194 4198 480 4271 sumpseramus
508 4196 550 4250 cr.
574 4213 661 4265 aaa
711 4165 846 4282 tratti,
864 4150 1097 4269 'tritum‘
1111 4166 1276 4283 „325'21'31

99 4267 123 4330 l,
141 4268 155 4333 l
172 4272 190 4319 θ
208 4287 269 4337 '‘lq·
711 4285 761 4335 sod
785 4299 850 4352 pass
873 4300 955 4350 mv,
981 4285 1065 4352 idque
1089 4290 1181 4351 recte,
1210 4302 1273 4339 oum

134 4353 160 4400 ὁ.
195 4361 220 4405 et
237 4389 262 4405 ..
281 4349 449 4417 diametrum]
467 4348 537 4401 ΕΜ.
556 4356 582 4401 et
599 4350 661 4401 dio·
712 4352 783 4404 horo
802 4352 841 4403 sit
861 4367 975 4403 xxsvma
998 4370 1064 4420 pars
1084 4352 1150 4405 diei.

99 4418 177 4471 metri
212 4422 412 4473 crassitudinem
451 4434 497 4469 seu
537 4418 662 4471 diametri
746 4420 765 4473 ι’.
783 4435 804 4471 s.
827 4420 855 4470 X
859 4419 901 4485 .o]
926 4420 996 4472 ΕΜ.
1016 4422 1049 4473 in
1068 4422 1137 4473 Xe.

100 4485 301 4540 crassitudinem
317 4505 363 4539 seu
380 4486 547 4539 diametrum.
746 4504 862 4539 nocens
889 4490 967 4544 semis
991 4488 1122 4557 miliaria]
1151 4488 1221 4543 ΕΜ.
1242 4488 1275 4543 in

133 4554 284 4607 uicesimum
300 4553 451 4620 secundam]
474 4552 544 4605 ΕΜ.
560 4569 636 4607 1111.
712 4570 805 4608 oeoxrr
823 4555 900 4611 semis
917 4558 1012 4612 millia.

1081 4648 1122 4717 15
