2950 4992
134 223 176 264 xx
583 189 916 260 PROLEGOMENA

135 370 261 424 restituor
279 371 477 420 exauctoratum
495 364 674 418 eminiensis
692 364 820 434 leporem,
841 359 946 430 prioris
960 373 1024 412 erre
1041 354 1215 426 putaverim,
1230 360 1262 410 ut
1275 353 1362 424 Sym·

136 454 230 508 machi
248 451 401 520 disputatio
419 468 454 504 ex
472 455 567 518 parte,
584 449 701 502 Eusebii
719 465 786 502 vero
807 455 867 502 tota
884 443 1068 500 intercedirre
1086 443 1212 510 potanda
1228 441 1275 496 rit.

202 536 279 590 Diei
304 537 402 590 tertii
422 536 575 606 disputatio
595 535 705 588 tertia
722 535 883 588 contloetnr
900 533 994 586 libro
1011 529 1042 583 V.
1075 528 1267 596 interroganti
1284 525 1362 580 euin

135 623 256 688 Avieno,
286 623 331 689 „vi
349 623 412 690 quir
430 622 500 675 velit
516 622 616 676 orandi
632 629 721 676 artem
740 619 887 686 consequi,
915 623 1008 670 utrum
1025 613 1118 683 magis
1134 630 1168 667 ex
1185 611 1307 682 Virgilio
1323 627 1361 663 eu

137 727 170 762 ex
184 709 320 762 Cicerone
339 707 501 778 proticiot,“
527 705 702 759 Eusebius
724 705 876 772 respondet
898 719 982 755 unum
1005 707 1113 755 tautum
1136 715 1226 768 genus
1248 697 1364 750 dicendi
1452 726 1453 747 n

138 793 259 849 inveniri
280 793 352 862 apud
372 793 550 860 Ciceronem,
580 792 664 857 idque
688 788 848 858 copiosum,
872 788 946 856 apud
962 785 1113 855 Virgilium
1130 801 1198 838 vero
1215 791 1244 836 et
1261 784 1317 836 hoe
1330 789 1364 836 et
1453 842 1454 851 ἵ

138 881 223 932 breve
242 885 271 932 et
287 879 393 934 serium
412 884 440 930 et
457 877 562 946 pingue
581 881 665 940 atque
688 873 835 938 floridum,
853 878 882 925 et
898 874 953 924 duo
971 872 1054 924 stilos
1071 870 1198 936 dicendi,
1219 878 1364 922 moturum

138 972 223 1031 etque
237 981 353 1034 gravem
376 969 405 1015 et
421 962 490 1014 huie
510 959 681 1012 contrarium
703 959 849 1012 ardentem
874 963 997 1010 erectum
1021 955 1179 1019 infensum,
1210 961 1242 1007 nt
1263 955 1364 1006 decern
1454 958 1455 965 ’

138 1057 279 1102 oratorum
291 1047 445 1102 Atticorum
465 1045 548 1098 stilos
568 1043 768 1114 permiscuisse
784 1045 922 1097 videatur.
944 1043 1006 1094 Hoc
1021 1046 1060 1103 (r.
1077 1044 1118 1103 2)
1134 1040 1365 1094 deridetEvan-

139 1135 237 1203 gelus
256 1132 352 1185 dicens
368 1131 488 1199 Virgilio
506 1147 541 1184 ne
557 1133 647 1183 lovem
666 1129 779 1199 quidem
797 1130 970 1182 Graecarum
984 1126 1133 1181 literarum
1148 1127 1278 1180 notitiam
1298 1144 1367 1179 esre

139 1217 326 1270 tribuendam.
352 1215 520 1284 obloquitur
536 1217 758 1282 Eortathinr‚
775 1233 858 1285 quem
876 1220 939 1268 orat
956 1214 1163 1279 Praetextatus,
1181 1219 1213 1266 ut
1231 1214 1367 1276 dirueret,

139 1318 231 1370 „queo
255 1318 271 1354 e
293 1302 410 1355 Graecis
431 1303 547 1356 traxerit
569 1303 739 1372 Virgilior“·
773 1300 920 1354 consentit
943 1299 1009 1364 ille,
1032 1297 1208 1366 priorumque
1226 1299 1310 1366 dicit,
1331 1306 1368 1352 nt

139 1393 299 1456 praetereat
325 1404 395 1457 quae
423 1394 565 1444 mutuatus
593 1391 630 1444 rit
654 1406 671 1443 a
696 1387 852 1442 Theocrito
879 1386 1005 1440 Hesiodo
1031 1385 1116 1438 Arato
1139 1385 1277 1440 Pisandro
1303 1385 1368 1437 ilo-

140 1491 217 1526 mero
248 1474 276 1528 in
305 1474 438 1528 universa
462 1483 618 1543 poematum
643 1474 840 1545 dispositione,
868 1489 899 1524 se
925 1472 1001 1525 velie
1025 1471 1216 1524 demonstrrre
1243 1472 1278 1524 ab
1303 1469 1367 1521 lio-

138 1576 217 1612 mero
235 1560 426 1630 desumpsisse
441 1566 530 1617 multe
546 1563 639 1618 minus
655 1563 770 1632 cognite
781 1559 944 1628 Virgilium,
959 1564 988 1610 et
1004 1556 1089 1609 enarr
1107 1561 1146 1618 (c.
1157 1562 1198 1618 8.)
1213 1574 1312 1612 versus
1329 1555 1368 1608 sd

139 1646 256 1697 verbum
275 1663 364 1716 peene
382 1652 544 1703 translatos.
569 1649 730 1718 Flagitante
744 1649 860 1711 Avieno,
877 1654 909 1700 ut
923 1643 1018 1700 omnis
1031 1660 1102 1712 quse
1115 1646 1151 1696 ab
1163 1638 1288 1696 Homero
1303 1659 1368 1694 snu-

140 1734 235 1783 tuetur
254 1730 292 1784 sit
309 1733 446 1801 Virgilius
465 1742 662 1801 persequetur,
679 1733 845 1788 Eustathius
863 1749 881 1786 a
899 1731 1068 1801 Symmacho
1085 1731 1172 1798 petit,
1194 1737 1225 1783 nt
1244 1728 1298 1782 sibi
1316 1729 1368 1779 det

140 1815 255 1883 Virgilii
273 1817 429 1867 carminum
447 1818 599 1884 exemplar.
634 1819 696 1884 Quo
713 1819 803 1870 allato
820 1818 941 1884 primum
964 1819 1098 1873 nonnulla
1119 1835 1212 1886 „quac
1236 1817 1295 1868 intr
1314 1815 1367 1866 ob-

140 1899 225 1951 tulit“
254 1899 376 1965 profert,
403 1898 503 1952 deinde
525 1909 644 1969 rogante
666 1901 773 1954 Avieno
798 1910 853 1962 (cc.
875 1905 976 1963 4-10.)
995 1921 1048 1970 per
1073 1904 1200 1956 ordinem
1224 1903 1258 1953 ub
1281 1898 1367 1951 initio

141 1984 264 2036 ostendit
279 1998 349 2050 quae
366 1985 399 2035 ab
415 1985 538 2037 Homero
555 1987 703 2052 desumpta
720 1985 793 2048 sint,
817 1992 846 2039 et
862 1987 1035 2039 demonstrat
1053 1995 1093 2047 (o.
1112 1989 1171 2051 11.)
1190 2001 1261 2051 quae
1281 1982 1365 2044 „Vir-
1463 2006 1465 2021 ι

141 2069 230 2138 gilius
254 2069 282 2121 in
307 2068 503 2122 transferendo
522 2071 637 2123 densius
665 2069 855 2133 excoluerit“,
883 2071 922 2135 (c.
947 2074 1005 2131 12.)
1026 2071 1075 2134 „in
1094 2072 1196 2136 quibus
1218 2082 1268 2134 per
1293 2079 1366 2131 pena

141 2154 274 2222 splendor
290 2154 435 2205 amborum
450 2153 518 2218 sit“‚
536 2163 575 2217 (c.
592 2158 649 2221 la.)
669 2156 696 2208 in
715 2154 817 2223 quibus
836 2152 974 2222 Virgilius
991 2154 1050 2220 „sit
1066 2152 1203 2223 gracilior
1219 2148 1366 2211 anctore“,

141 2241 181 2306 (c.
195 2242 261 2318 14)
269 2238 317 2306 ,,ἰιι
336 2237 465 2291 versibus
482 2239 571 2294 vitia“
590 2259 653 2294 eum
674 2243 815 2294 imitatum
831 2256 903 2306 erse,
921 2245 1005 2308 etque
1021 2240 1174 2309 diligenter
1191 2235 1367 2304 expressisse

141 2323 269 2391 epitheta
285 2323 450 2388 Homerico,
471 2330 500 2378 et
516 2327 679 2382 observasse
696 2326 724 2379 in
748 2323 919 2378 narrationis
937 2325 1011 2378 serie
1030 2341 1102 2393 quse
1120 2322 1290 2376 instituisset
1304 2319 1367 2371 Ho-

141 2426 245 2476 merus,
263 2416 314 2475 „nt
331 2415 359 2462 et
375 2411 542 2464 historicum
554 2413 653 2466 stilum
664 2413 768 2464 vitaret
786 2428 839 2462 non
855 2429 906 2477 per
921 2412 1048 2464 ordinem
1061 2411 1215 2480 digerendo
1224 2424 1295 2477 qnae
1314 2423 1368 2474 ge-

141 2501 186 2548 sta
204 2502 283 2562 suut,
304 2513 355 2548 nec
374 2502 466 2550 tamen
490 2499 706 2566 praeteritorum
725 2497 807 2550 nobis
824 2496 951 2550 notitiem
969 2497 1184 2560 subtraberct“,
1201 2497 1241 2561 (c.
1265 2498 1319 2555 tn)
1335 2491 1369 2544 in

141 2582 272 2650 catologo
298 2590 391 2636 autem
417 2586 563 2652 pardulum
590 2587 625 2638 sb
649 2584 801 2636 Homerica
825 2583 967 2652 gravitate
993 2583 1140 2645 recedere,
1165 2583 1201 2646 (c.
1223 2583 1275 2644 16.)
1298 2578 1369 2646 quid

142 2672 260 2733 uterque
284 2669 497 2735 intertoxuerit,
525 2676 576 2736 „ut
599 2659 715 2722 lectoris
740 2668 850 2723 unimus
872 2670 1082 2732 recrearetur“‚
1107 2672 1143 2734 (c.
1160 2669 1212 2734 11.)
1237 2665 1285 2719 ubi
1308 2665 1368 2716 Ho-

142 2751 214 2804 sneri
232 2754 360 2818 exemplu
375 2755 462 2805 fuerit
478 2755 646 2818 destitutos,
666 2756 815 2819 nonnulle,
833 2760 864 2806 ut
883 2755 953 2806 belli
971 2753 1097 2818 initium,
1122 2771 1176 2806 non
1194 2755 1266 2805 bene
1284 2749 1369 2802 insti-

142 2835 232 2888 tuisse
248 2835 414 2904 Virgilium,
437 2838 485 2889 sed
503 2837 642 2890 imitatum
660 2855 723 2890 esse
742 2839 827 2891 etiam
846 2839 1024 2907 Apollonium
1044 2840 1185 2891 Rhodium
1202 2837 1371 2890 Pindarum-

142 2936 211 2986 qoe,
242 2936 292 2970 nec
316 2936 378 2973 raro
397 2938 477 2973 usum
498 2938 561 2973 erse
583 2920 718 2989 epithetis
738 2923 870 2986 Graecis,
899 2927 935 2988 (c.
954 2925 1009 2988 18.)
1032 2925 1091 2976 elie
1111 2925 1147 2975 ab
1166 2922 1233 2976 eliis
1250 2920 1369 2974 Graecis

144 2997 336 3070 transtulisse,
359 3007 394 3057 ab
416 3005 604 3072 Aristophane
627 3007 741 3073 Ephoro
765 3008 883 3075 Didymo
908 3007 1058 3075 Euripide,
1087 3011 1122 3074 (c.
1148 3009 1202 3071 19.)
1225 3006 1368 3075 Sophocle

143 3089 285 3158 Aeschylo
309 3089 416 3155 Gallia,
442 3091 478 3156 (c.
495 3092 551 3156 20.)
571 3091 755 3158 quorumdem
775 3093 871 3160 plures
889 3111 952 3146 eum
969 3094 1076 3146 habere
1092 3098 1236 3159 auctores,
1256 3098 1286 3146 nt
1303 3107 1367 3144 cum

144 3173 275 3242 Gargara
297 3175 418 3227 voluerit
439 3192 501 3228 esre
523 3175 682 3229 fertilitatis
705 3178 866 3244 exemplar,
891 3179 926 3244 (c.
945 3181 1001 3244 21.)
1024 3179 1109 3231 etiam
1133 3179 1298 3248 poculorum
1316 3193 1368 3228 no-

144 3257 303 3311 minaeum
322 3277 340 3312 a
357 3260 476 3312 Graecis
498 3277 562 3313 esse
582 3266 754 3327 mutuatum,
781 3272 817 3327 (c.
838 3264 893 3329 22.)
918 3264 952 3316 de
978 3263 1034 3316 diis
1056 3251 1193 3332 quaedam
1214 3265 1231 3314 a
1252 3259 1368 3331 vulgari

142 3343 274 3412 opinione
291 3346 451 3400 recedentia
470 3363 504 3399 ex
522 3345 727 3414 antiquissimis
747 3349 918 3402 Graecorum
935 3348 1065 3402 historiis
1082 3348 1283 3415 desumpsisse.

212 3429 346 3498 Sequitur
361 3431 454 3485 libro
472 3432 520 3487 Vl.
538 3431 693 3502 disputatio
709 3435 831 3502 quarte
853 3435 954 3488 tertii
974 3434 1055 3488 diei.
1084 3434 1216 3487 dionante
1232 3435 1370 3487 Praetex-

144 3519 203 3567 tato
220 3514 345 3571 Furios
365 3517 515 3571 Albinus
533 3519 655 3573 ostendit
676 3522 713 3587 (e.
736 3523 771 3586 1.)
790 3537 860 3588 qnos
875 3536 975 3575 versus
994 3517 1131 3588 Virgilius
1149 3521 1185 3572 ab
1201 3519 1370 3587 antiquiori-

144 3601 197 3652 bus
216 3602 392 3654 transtulerit
409 3604 475 3668 „vel
494 3621 527 3655 ex
544 3604 656 3674 integro
676 3606 723 3657 vel
742 3622 776 3660 ex
795 3608 913 3674 purte“,
939 3607 975 3670 (c.
991 3608 1030 3670 2)
1048 3605 1147 3670 „locos
1164 3605 1236 3657 loeis
1254 3619 1369 3670 compo·

145 3683 201 3751 nit,
233 3689 264 3736 ut
286 3687 360 3738 unde
383 3686 498 3739 formati
520 3688 578 3741 sint
599 3689 681 3758 qnasi
702 3691 736 3744 de
760 3693 877 3760 speculo
891 3675 1119 3760 cognoscatur&
1146 3695 1204 3742 tum
1222 3689 1259 3744 (e.
1278 3690 1316 3753 8.)
1332 3705 1369 3742 ea

146 3769 255 3838 profert
282 3785 354 3836 quae
376 3772 412 3822 ab
438 3772 560 3825 Homero
582 3774 712 3828 videatur
732 3776 923 3846 desumpsisse
945 3773 1083 3844 Virgilius
1105 3774 1156 3826 sed
1177 3774 1235 3828 ium
1257 3774 1368 3841 priores

146 3861 245 3924 poetae
259 3855 377 3908 Romani
396 3856 424 3908 in
442 3857 568 3911 carmina
586 3877 638 3913 suu
654 3853 876 3916 transtulissent.

213 3939 372 4008 Disputatio
391 3941 511 4010 quinta
528 3950 574 3997 ert
591 3944 761 4000 Caecinae
778 3947 914 4015 Albini,
938 3946 974 4001 ad
999 3947 1085 4000 verbu
1106 3944 1222 4013 singulo
1243 3946 1280 3997 ab
1300 3943 1368 3998 eliis

146 4025 294 4095 desumpta
312 4034 454 4095 spectans.
487 4029 571 4096 Isque
587 4030 669 4085 docet
686 4036 721 4098 (c.
739 4035 780 4097 l.)
797 4033 887 4086 multa
903 4033 1000 4096 verbe,
1019 4034 1055 4099 (c.
1068 4032 1107 4095 5.)
1125 4031 1215 4084 multa
1231 4030 1368 4097 epitheta,

145 4114 218 4180 apud
240 4111 390 4183 Virgilium
414 4130 486 4166 nove
504 4132 568 4168 erse
590 4115 696 4182 videri,
720 4118 823 4185 quibus
838 4125 949 4172 veteres
966 4117 1022 4170 iarn
1040 4116 1097 4169 sint
1117 4117 1171 4169 usi.
1205 4116 1314 4168 Deinde
1331 4117 1368 4169 ab

146 4198 244 4250 eodem
261 4207 431 4266 provocatus
445 4199 590 4254 Servios
610 4205 646 4267 (c.
664 4206 700 4268 6.)
719 4203 856 4268 ostendit,
877 4219 970 4272 ,‚quae
989 4202 1018 4256 in
1037 4201 1157 4270 Virgilio
1173 4200 1315 4254 notaverit
1331 4201 1367 4254 ab

147 4282 210 4350 ipso
237 4283 374 4354 figurate,
404 4303 458 4338 non
484 4303 502 4340 a
527 4286 670 4340 veteribus
702 4296 835 4358 accepte,
863 4290 965 4356 quibus
990 4289 1109 4340 multum
1136 4285 1284 4339 bsttnirsri
1316 4287 1368 4340 ad·

146 4367 246 4422 iecerit
262 4370 397 4438 leporis“.
433 4371 507 4426 Turn
525 4375 560 4440 (e.
578 4373 616 4438 1.)
634 4373 788 4428 Avienus
803 4373 937 4443 primum,
954 4379 986 4426 ut
1002 4388 1100 4440 supra,
1120 4371 1270 4424 Eustetbio
1288 4369 1368 4423 iosu-

146 4469 279 4520 eurrens,
308 4471 324 4507 e
346 4455 523 4511 Praetextato
546 4459 686 4513 excitatns
708 4477 724 4513 e
748 4459 868 4513 Servio
891 4459 1003 4527 quaerit
1023 4459 1058 4510 de
1077 4455 1197 4526 Virgilio
1219 4456 1366 4522 nonnulla,

146 4555 218 4607 quae
241 4539 293 4592 ille
314 4541 428 4608 exponit
449 4545 502 4608 (cc.
520 4545 610 4610 1-9.)
644 4545 754 4599 Ultima
773 4545 873 4598 Avieni
899 4543 1028 4613 quaestio
1050 4557 1106 4597 non
1130 4541 1263 4606 solvitur,
1292 4541 1368 4593 unde

144 4625 346 4693 huncquoque
363 4625 468 4678 librum
481 4633 599 4696 apparet
615 4644 679 4682 esse
695 4629 835 4684 mutilum.
