2950 4992
198 147 245 194 xrs
641 120 975 192 PROLEGOMENA.

199 291 271 359 opus
292 296 338 346 est
353 297 495 359 receptum
515 297 588 362 prod
603 309 659 348 non
677 299 738 348 crum
761 296 797 347 ils
822 295 971 346 sententiis
990 308 1061 359 quas
1079 296 1243 350 Macrobius
1266 300 1380 364 qnidam
1397 303 1426 354 in

200 380 348 434 (literanis
366 381 479 432 Somnio
497 394 529 432 se
548 377 673 432 inienire
690 381 832 443 putaverit
849 383 1001 431 cobserent
1019 383 1229 444 quodammodo.

266 464 290 514 i.
327 465 472 516 Eustochio
489 462 548 516 filie
567 467 619 516 hoc
637 479 708 528 opus
731 466 845 516 dicasse
871 471 1015 516 auctorem
1039 479 1075 516 ex
1095 467 1242 531 utriusque
1261 469 1328 520 iibri
1346 475 1426 533 patet

198 549 351 615 principio,
369 561 530 612 quamquam
549 551 631 600 etiam
651 551 804 602 allisionis
821 552 992 602 macrobium
1012 565 1074 602 eum
1090 552 1196 615 alloqui
1213 556 1387 606 monstravit
1406 558 1425 606 l.

200 634 362 686 Gronovius
379 634 413 684 a'ti
433 631 536 684 Gomm.
559 636 580 698 i,
599 636 713 699 12,1⁷.:
734 636 872 700 integrum
892 649 957 686 esse
977 641 1006 686 et
1023 649 1059 685 ex
1076 636 1123 686 iit.
1141 637 1175 686 ll.
1192 650 1254 699 cap.
1271 639 1323 688 ult.
1338 653 1426 701 para·

199 711 366 783 grapbo'ld.
385 723 516 783 appareo,
533 720 594 770 ubi:
617 720 671 770 Sed
693 722 853 786 inmfinem,
870 721 975 784 inqrsit,
992 720 1095 772 somnio
1112 720 1226 772 cohibito
1242 723 1426 789 disputatione

194 804 331 868 suciamus
348 803 395 853 hoo
410 803 513 853 adiecto
532 804 602 870 pund
620 805 657 854 nd
673 805 862 856 conclusionem
880 805 994 866 decebit,
1013 810 1042 855 et
1060 816 1096 855 ex
1114 805 1202 856 totius
1222 807 1317 869 operis
1334 822 1428 872 argn-

198 896 305 954 mentu,
337 879 409 950 quud
427 900 562 949 nusquam
578 889 697 939 lacunae
716 895 828 940 moreat
849 889 1048 951 suspicionem.
1083 892 1179 953 licque
1198 905 1266 947 vero
1285 893 1319 940 de
1339 895 1426 944 titulo

197 979 265 1035 pute
285 985 351 1022 esre
370 972 569 1034 ambigendum.
605 973 720 1022 Etiamsi
739 975 810 1023 enim
829 975 856 1024 la
875 974 974 1025 codiee
992 975 1173 1041 Monacensi,
1198 976 1262 1025 oiim
1279 979 1428 1028 limmera·

198 1057 279 1106 neasi
299 1057 382 1119 (Ei),
405 1068 485 1117 quern
504 1069 590 1118 supra
609 1059 840 1124 commemorari,
862 1060 981 1125 legitur,
1003 1063 1035 1110 ut
1053 1059 1079 1108 in
1098 1061 1241 1110 nonnullis
1258 1061 1324 1110 aliis
1342 1065 1429 1114 eodi-

198 1142 294 1204 cilrns,
320 1140 501 1190 insomnium
520 1141 652 1207 Scipionis
674 1149 901 1207 commentum,
931 1143 1014 1206 idque
1039 1146 1205 1195 vocabulum
1226 1145 1288 1208 quid
1311 1146 1388 1196 velit
1411 1163 1427 1198 e
1460 1170 1461 1173 ¹

197 1224 338 1276 Prisciani
355 1224 427 1274 libro
446 1226 480 1274 de
499 1226 741 1278 exhortationibus
758 1241 907 1290 puerorum
925 1228 1141 1294 demonstratur,
1159 1232 1221 1291 plus
1238 1238 1328 1279 tamen
1345 1233 1427 1282 valet

196 1310 286 1372 ipsius
299 1309 443 1360 Macrobii
460 1311 631 1375 auctoritas,
655 1312 700 1374 qui
719 1313 747 1361 in
765 1313 828 1362 libri
846 1314 868 1362 l.
888 1310 957 1362 line:
991 1313 1045 1362 Sed
1124 1313 1161 1364 nd
1178 1314 1299 1376 secundi,
1321 1315 1428 1378 inquit,
1460 1310 1461 1323 ¹

196 1394 423 1446 commentarii
446 1394 565 1445 uolumen
584 1395 790 1460 disputationem
812 1398 975 1464 sequentium
991 1413 1165 1460 reseruemus,
1200 1405 1230 1449 et
1249 1399 1277 1449 in
1299 1399 1368 1450 libri
1393 1403 1428 1451 ΙΙ.

197 1478 348 1542 principio:
373 1477 515 1545 Superiora
533 1481 776 1532 commentario.
1064 1470 1068 1475 ¹

264 1567 289 1613 d.
324 1565 423 1616 Restat
441 1570 472 1615 ut
488 1564 586 1626 Casp.
605 1565 741 1614 Barthii
757 1578 949 1628 coarguamus
966 1580 1106 1632 errorem,
1139 1566 1186 1629 qui
1205 1569 1257 1618 bos
1275 1567 1430 1619 Commen-

197 1647 285 1698 tarios
310 1649 532 1698 Satrrrnallerum
556 1655 662 1711 partem
686 1663 753 1704 esse
779 1652 906 1716 censuit,
936 1666 1017 1715 quam
1045 1653 1153 1714 quidem
1181 1654 1339 1715 opinionem
1367 1656 1428 1704 iam

196 1733 253 1783 aiio
274 1734 340 1782 loeo
356 1733 386 1796 ⁴)
405 1733 536 1782 refellere
556 1733 732 1784 tentavimus.

264 1816 292 1864 is
311 1816 382 1865 enim
401 1815 567 1878 (Adversum
586 1817 726 1883 llxxvii,
746 1830 771 1868 c.
793 1818 848 1881 1⁷.)
868 1822 903 1872 de
920 1821 1044 1885 duobns,
1061 1821 1160 1884 quibus
1178 1835 1248 1872 usus
1267 1822 1318 1887 sit,
1337 1824 1430 1874 buius

197 1899 292 1961 operis
311 1899 455 1950 codicibus
474 1913 555 1950 manu
579 1902 692 1964 seriptis
710 1903 844 1965 loquens:
882 1906 934 1969 „ln
960 1907 1067 1972 allero,
1098 1906 1202 1971 inquit,
1234 1906 1332 1954 titulus
1357 1913 1431 1958 est:

198 1983 328 2034 Macrobii
347 1984 486 2035 Theodosii
502 1985 553 2036 viri
570 1985 715 2036 consularis
733 1994 758 2038 et
776 1987 890 2039 illustris
911 1989 1160 2040 Commentariorum
1177 1989 1271 2038 tertiae
1287 1987 1342 2032 dici
1362 1991 1432 2040 Sa.

141 2055 144 2060 ¹
196 2069 373 2120 turnoliorum
391 2068 456 2119 iiber
471 2069 573 2136 primus
590 2070 682 2136 incipit
702 2071 739 2135 θ).
773 2074 809 2122 lJt
824 2075 914 2124 rideri
937 2075 1028 2136 possit
1045 2070 1264 2122 Satrrrnaliornm
1287 2078 1355 2129 pars
1374 2070 1436 2120 i'u-
1460 2116 1461 2125 ,

195 2153 256 2203 isse
276 2153 296 2203 ii
314 2153 386 2218 libri,
404 2153 448 2204 eni
468 2153 591 2215 opinioni
610 2154 707 2205 tamen'
719 2157 809 2207 iorma
826 2159 1000 2220 dialogorum
1021 2152 1198 2214 contradicit,
1217 2164 1272 2214 qua
1285 2151 1327 2199 illl
1347 2165 1434 2204 con·
1460 2144 1461 2147 ’

196 2239 271 2301 cepti
290 2243 372 2306 suut,
403 2239 471 2288 iicet
489 2251 543 2287 nnn
563 2241 633 2289 adeo
653 2239 767 2305 stricte,
800 2243 866 2305 quin
881 2239 1027 2292 conciliari
1045 2252 1092 2288 res
1111 2235 1233 2298 possit.“
1268 2235 1344 2284 idern
1366 2238 1429 2290 bos

195 2323 418 2376 Commentarios
436 2327 541 2386 partem
560 2337 625 2374 esse
643 2326 866 2376 saturnaliorum
886 2309 1029 2386 perperam
1052 2321 1162 2372 abillis
1182 2321 1320 2371 divulsam
1337 2329 1430 2374 notat

194 2411 229 2460 ad
250 2409 429 2462 Claudianum
450 2423 475 2472 p.
494 2409 570 2476 aia,
597 2423 709 2474 remque
727 2409 889 2462 accuratius
907 2405 1171 2471 persequlruninid.
1188 2419 1215 2469 p.
1233 2404 1293 2456 eet.
1312 2404 1353 2470 ⁰).
1391 2408 1428 2456 li

263 2666 292 2724 4)
317 2663 361 2714 Gi.
388 2663 519 2714 Mbncbn.
543 2664 680 2717 Gelebrte
704 2663 820 2732 Auzeig.
849 2665 924 2715 lati.
952 2661 1018 2715 Nro.
1046 2665 1104 2714 175.
1145 2657 1299 2710 Bart'hio
1322 2661 1425 2711 tannen

195 2732 334 2782 consentit
355 2731 541 2782 Schiosser
560 2733 579 2783 l.
599 2751 621 2783 e.
643 2737 744 2800 p.10.;
777 2733 826 2783 sed
848 2731 1017 2783 contradicit
1035 2729 1209 2796 Suringar
1228 2729 1245 2778 Ι.
1264 2745 1288 2782 c..
1309 2745 1337 2793 p.
1361 2732 1425 2779 166.

265 2802 292 2858 ⁵)
310 2798 392 2848 Hunc
411 2800 522 2850 titulum
542 2817 594 2850 non
615 2801 768 2866 praefixum
786 2800 875 2850 inisse
892 2799 1106 2862 Saturnalibus,
1139 2807 1170 2848 nt
1185 2795 1285 2847 statuit
1305 2797 1327 2844 i.
1346 2795 1426 2846 Gro-

194 2863 294 2917 novius
312 2866 346 2917 ad
366 2865 471 2916 Comm.
488 2867 510 2931 l,
531 2872 568 2930 l.,
587 2875 703 2935 apparet
721 2886 754 2919 ex
772 2866 809 2917 iis
828 2885 900 2932 qliae
917 2867 990 2931 apud
1008 2866 1158 2916 Bartbium
1176 2869 1342 2930 sequuntur:
1367 2863 1424 2924 „In

193 2935 283 2986 altera
302 2934 407 2985 codicis
425 2934 526 2986 vetusti
547 2937 650 3003 pagina
667 2937 738 2988 haee
761 2935 846 2985 verba
865 2932 1055 3000 reperiuntur:
1079 2935 1183 2983 Titulus
1202 2934 1265 2983 tuiis
1281 2939 1328 2983 est·
1356 2933 1423 2982 Mu-

194 3003 274 3055 orobii
299 3003 473 3054 liciniacensis
497 3005 524 3054 in
553 3006 642 3056 Sama.
664 3007 736 3073 Scip'.
762 3003 982 3054 Commonitorium
1007 3001 1130 3068 incipit.“
1180 2999 1253 3051 Nam
1278 3001 1422 3064 quomodo

194 3071 276 3124 iiiam
298 3071 409 3122 titulum
429 3063 557 3138 excipere
578 3081 707 3139 proterant
725 3071 902 3139 Saturnalia,
934 3067 958 3119 si
981 3069 1052 3119 baec
1076 3067 1245 3135 legebantur
1268 3068 1296 3118 in
1323 3067 1423 3120 altera

194 3138 318 3207 pagina‘i
355 3139 376 3189 E
396 3139 505 3190 rclrniio
531 3143 622 3206 potius
641 3142 713 3192 haec
734 3141 881 3205 desumpta
900 3154 963 3188 esse
981 3135 1234 3187 demonstravimus
1252 3142 1336 3201 snpra
1355 3153 1421 3202 cap.

193 3209 223 3273 1,
247 3212 278 3270 2,
298 3224 323 3258 a.
359 3205 474 3258 Videtur
500 3216 591 3260 autern
616 3210 687 3260 iilud
714 3209 807 3261 tertiae
825 3208 879 3258 diei
899 3206 1115 3268 Saturnaliornm
1140 3203 1205 3255 inde
1228 3210 1323 3254 natum
1342 3221 1421 3269 esse,

193 3277 264 3344 quod
285 3276 370 3326 codex
390 3277 440 3327 iiie
458 3277 615 3344 descriptus
632 3284 692 3329 arat
709 3275 744 3328 ab
762 3277 820 3328 aiio
838 3275 967 3342 quodam,
986 3273 1014 3324 in
1034 3290 1098 3338 quo,
1117 3271 1354 3338 cumpraemisaa
1375 3290 1423 3322 es-

192 3352 255 3398 sent
273 3345 449 3410 Saturnalia,
477 3346 734 3412 iueratscriptum:
770 3345 900 3397 Mutrobii
920 3343 1060 3395 Theodosii
1081 3343 1111 3391 V.
1136 3343 1164 3392 G.
1184 3348 1209 3391 et
1228 3341 1277 3391 ini.
1300 3342 1420 3392 Gonni-

191 3417 315 3468 uiorum
334 3417 428 3468 tertii
447 3416 516 3467 diei
536 3414 811 3468 Saturnaliorum
830 3413 985 3480 explicit:
1010 3408 1320 3464 ,Commentationum
1338 3409 1421 3460 Som-

191 3485 265 3534 nium
283 3484 413 3550 Scipionis
432 3485 535 3537 liberi.
555 3485 656 3551 incipit.
1075 3527 1078 3535 .

262 3555 289 3608 ὕ)
306 3551 370 3616 ipsa
386 3553 498 3602 Barthii
517 3553 602 3602 sverin
622 3553 757 3618 leguntur
780 3546 809 3598 in
828 3545 953 3598 Fabricii
972 3545 1047 3597 [libb
1063 3543 1126 3595 aar.
1146 3544 1189 3595 ed.
1206 3544 1272 3594 Ern.
1288 3543 1344 3594 voi.
1363 3544 1418 3608 ill,

192 3633 221 3683 p.
239 3619 312 3666 lai:
337 3620 464 3682 ‚,Sonrnii
483 3620 745 3670 commentationem
765 3621 874 3682 partem
893 3633 955 3667 esse
974 3614 1198 3665 Suturnaiiorum
1217 3610 1354 3678 suspirari
1374 3614 1419 3664 ia-

193 3683 270 3734 ciunt
288 3700 370 3736 manu
388 3692 519 3737 exaratae
538 3689 730 3747 membranae,
749 3685 778 3735 in
796 3701 913 3751 quaram
932 3681 1137 3748 antiquissimis
1155 3680 1262 3746 reperi:
1288 3681 1420 3732 Macrobii

196 3752 338 3802 Theodosii
360 3754 416 3803 Viri
436 3755 588 3805 Consularis
606 3763 631 3806 et
650 3755 768 3806 illustris
788 3751 1037 3804 Commentariorum
1059 3750 1153 3820 tertiae
1169 3749 1223 3800 diei
1244 3749 1418 3801 Saturnalia-

192 3837 249 3872 rum
267 3820 331 3870 iiber
344 3822 447 3888 primus
464 3822 571 3888 incipit:
591 3829 622 3873 ut
640 3839 693 3873 non
713 3823 747 3886 in⁸
760 3820 849 3871 libros
868 3837 937 3886 opus
957 3819 1027 3870 iliud
1052 3834 1142 3883 suum,
1163 3818 1211 3868 s‘ed
1230 3815 1258 3867 in
1279 3815 1340 3866 dies
1358 3818 1419 3868 dis-

191 3889 326 3940 tribuisse
345 3888 475 3940 videatur
493 3890 669 3953 Macrobins3
703 3890 880 3958 singulorum
899 3895 992 3939 antem
1011 3886 1118 3959 dierum
1137 3902 1237 3954 operas
1254 3885 1362 3949 aliquot
1381 3887 1419 3937 ii·

191 3957 252 4010 bris
276 3957 455 4020 distinxisse,
486 3973 601 4023 quornm
625 3959 737 4009 tertium
758 3957 922 4022 occuparint
940 3957 969 4014 bi
990 3953 1162 4006 de‘snmnio
1174 3952 1314 4018 Scipionis
1333 3952 1419 4005 Gom·

191 4025 330 4078 maniarii.
368 4026 447 4092 erae
465 4043 510 4078 res
528 4032 555 4076 et
570 4027 742 4092 reliquorum
757 4026 848 4077 tenori
867 4025 1008 4091 congruit,
1027 4023 1074 4088 qui
1094 4039 1147 4072 non
1166 4023 1250 4080 aliter
1267 4020 1419 4074 interiores

191 4095 316 4147 Maronis
334 4113 433 4147 sensus
452 4101 480 4146 et
497 4094 650 4145 doctrinam
670 4095 825 4160 inquirunt,
840 4109 921 4159 quam
940 4093 994 4143 iste
1012 4091 1101 4142 Marci
1117 4090 1227 4154 Tullii„
1254 4089 1350 4140 Potest
1366 4105 1418 4142 au-

191 4169 259 4222 tem,
291 4171 320 4216 ut
338 4171 402 4216 anto
418 4161 565 4216 ¹exordium
587 4163 663 4213 tertii
681 4163 767 4212 huius
785 4160 1009 4213 saturnaliorum
1029 4158 1094 4209 iibri
1118 4157 1255 4208 exciderit
1277 4157 1415 4211 minutum

194 4231 331 4294 qsruddarn
351 4235 529 4300 epistulium,
556 4231 626 4296 quod
651 4231 703 4280 hos
725 4228 946 4280 Commentarios
965 4221 1054 4276 ordini
1072 4225 1166 4292 operis
1185 4225 1307 4278 instituti
1323 4229 1417 4280 cunei-

191 4297 319 4361 liaverit3
339 4303 437 4354 tertius
457 4299 522 4353 vero
541 4307 722 4366 quartusque,
737 4307 768 4350 ut
786 4295 972 4362 bodiepositi
987 4291 1064 4353 sunt,
1084 4293 1130 4344 rix
1147 4307 1232 4346 unum
1252 4295 1355 4345 libram
1372 4297 1416 4349 ia-

192 4363 284 4428 eiunt,
319 4369 367 4418 nbi
388 4388 450 4421 oum
471 4368 704 4437 praecedentibus
728 4374 757 4417 et
776 4365 959 4430 sequentibus
981 4361 1199 4424 cdmparaveris.
1238 4362 1296 4413 Nec
1313 4363 1415 4416 tertiam

191 4434 303 4485 omnino
320 4440 481 4502 secundnm,
499 4439 564 4489 talis
581 4436 702 4503 quidem,
718 4435 797 4501 sequi
820 4435 917 4484 debete
950 4447 1012 4482 enm
1033 4429 1098 4480 finis
1116 4431 1231 4481 secundi
1250 4429 1327 4482 dicat
1344 4427 1423 4485 aits?

190 4501 251 4552 rias
270 4501 329 4570 diei
346 4521 445 4567 operas
459 4506 534 4571 apud
547 4505 748 4572 Symmachum
762 4501 961 4569 disceptandas
976 4515 1049 4564 esse,
1061 4497 1231 4563 principium
1249 4506 1342 4550 autem
1358 4508 1415 4552 ter-

191 4569 225 4624 tii
243 4571 277 4624 ds
293 4569 380 4622 vettii
398 4571 495 4644 domo,
519 4571 567 4623 ubi
580 4579 750 4624 conventum
767 4570 867 4635 luerit,
891 4575 1048 4622 sermonem
1063 4566 1174 4619 babeat.
1207 4566 1331 4620 Omnino
1347 4569 1414 4623 aliis

100 4889 216 4954 Α
