2950 4992
198 245 279 290 xr1u
558 224 563 232 “
640 218 972 288 PROLEGOMENA.

198 396 357 447 aliudesse
377 391 554 456 nisisolcm,
587 391 660 454 quod
678 392 797 457 deniquo
814 389 962 444 confirmat
979 393 1188 458 theologorum,
1219 389 1348 453 inprimis
1369 390 1433 442 (lr-

198 479 271 545 phei,
288 477 469 530 auctoritate.
504 477 572 526 ilum
589 478 677 529 ceteri
694 478 867 529 sinuantur
883 477 971 530 vettii
987 477 1153 544 orationem,
1174 481 1215 536 (c.
1233 475 1290 535 at.)
1309 477 1433 526 Evan-

198 565 301 629 gclus
327 565 480 624 aepulare
502 561 544 611 ait
563 562 755 626 Virgilium
780 563 910 614 hiberum
933 562 1112 614 et·0ereren
1135 573 1188 623 pro
1215 561 1278 610 sols
1300 565 1330 611 et
1355 562 1433 611 luna

198 649 305 699 dixisse
327 647 374 712 „io
393 647 511 698 alterius
529 651 631 710 poetae
650 647 847 714 imitationem,
872 659 924 698 cur
940 648 1083 698 diceretur
1103 644 1311 711 ignoraatsn“,
1335 659 1432 708 quun

197 733 259 796 ipse
278 733 402 797 Tullius,
440 732 591 796 „quotiens
614 735 662 782 aut
681 733 714 781 de
737 736 837 782 natura
861 733 975 783 deorum
998 737 1047 782 aut
1063 733 1097 782 de
1115 732 1174 781 lato
1191 736 1240 779 aut
1256 730 1290 780 de
1308 729 1433 781 divina-

199 819 276 869 tione
295 817 433 882 disputet,
465 816 584 879 glorian
608 827 688 878 quan
705 813 835 865 untione
854 813 1035 881 conflaverit,
1065 814 1209 866 incondita
1230 825 1324 864 rerum
1344 815 1433 864 rela-

199 904 274 954 tione
292 897 425 953 minuat.“
460 899 567 950 contra
585 897 653 948 dicit
669 900 893 960 symmachus
911 899 1115 964 polliceturque
1132 898 1364 966 „violentissima
1381 899 1433 950 in-

198 993 284 1038 venta
309 987 354 1036 vel
376 995 463 1034 sensa
483 982 643 1033 rhetoricae
663 983 691 1033 ln
715 983 874 1047 virgiliano
898 995 1040 1045 scopere
1063 981 1351 1048 demonstraturum“,
1390 987 1432 1035 ad

198 1070 347 1123 Eusebium
370 1079 440 1116 vero
464 1065 577 1128 delegat
596 1067 652 1133 „de
675 1068 802 1118 oratoria
824 1068 897 1131 apud
919 1069 1064 1118 bimarem
1086 1074 1148 1119 arte
1173 1067 1359 1133 tractatum“,
1398 1078 1433 1120 et

197 1155 323 1216 reliquos
341 1155 484 1216 precatur,
506 1155 537 1200 at
557 1152 651 1216 „quod
670 1151 788 1215 quisque
805 1151 982 1214 praecipuum
1001 1152 1252 1204 sibl-adnotaverit
1269 1153 1304 1202 de
1323 1155 1432 1204 Maro-

198 1240 242 1290 nis
260 1236 374 1302 iugenio
390 1232 467 1285 velut
485 1247 520 1284 ex
540 1237 668 1298 symbola
687 1234 851 1287 conterat.“
899 1235 1038 1288 Promittit
1058 1237 1205 1289 Vettius
1229 1251 1262 1288 se
1284 1239 1431 1300 probatu-

199 1337 258 1375 rum
280 1333 346 1372 esse
359 1320 544 1384 Virgilium
562 1320 748 1385 „doctissime
767 1321 812 1372 ius
829 1318 1010 1388 pontificium,
1023 1327 1161 1385 tamquam
1179 1325 1233 1374 hoc
1250 1318 1432 1390 professum,

198 1410 227 1460 iu
251 1408 331 1459 varia
354 1403 449 1468 operis
472 1403 517 1454 sui
539 1409 601 1454 arte
625 1405 775 1468 servare“,
808 1407 1003 1458 hilarianus
1026 1421 1158 1459 summam
1184 1407 1213 1458 in
1241 1420 1277 1458 eo
1298 1407 1432 1459 inveniri

197 1494 268 1545 iuris
295 1489 441 1556 ariguralis
469 1489 630 1554 scientiam,
666 1491 873 1541 Eustathius
895 1487 1103 1557 „astrologiam
1125 1497 1268 1556 totamque
1293 1492 1428 1555 philoso-

198 1579 288 1642 phiam
307 1590 368 1626 eum
389 1584 502 1638 parcum
523 1579 552 1624 et
569 1573 691 1625 sobrium
713 1575 792 1638 operi
810 1589 864 1628 suu
883 1589 1019 1640 nusquam
1041 1579 1295 1642 reprehendendum
1319 1591 1431 1639 asper-

198 1660 304 1728 sisset‘,
335 1665 527 1723 praeterquam
550 1661 623 1722 quod
650 1661 734 1711 multa
762 1661 818 1725 „de
841 1662 961 1713 Graecis
989 1664 1071 1714 modo
1095 1668 1197 1715 cautus
1225 1665 1255 1712 et
1281 1665 1430 1724 tamquam

197 1748 273 1798 aliud
290 1757 379 1808 agens
400 1744 480 1792 nodo
499 1743 630 1805 protessa
646 1745 801 1796 imitatione
826 1746 1032 1811 transtulerit,“
1066 1746 1194 1799 ilarius
1215 1751 1243 1797 et
1266 1746 1431 1798 caecina
1465 1772 1466 1801 ι

199 1829 316 1881 Albini
332 1825 502 1892 „vetustatis
523 1826 727 1880 affectationem
745 1830 773 1879 in
787 1830 904 1892 Virgilio
921 1831 1129 1898 praedicabant,
1147 1832 1220 1883 aiter
1233 1831 1260 1882 in
1278 1832 1432 1895 versibus,

199 1913 324 1964 Caecina
345 1911 373 1961 in
397 1911 521 1976 verbisi‘,
557 1914 711 1965 Avienus
734 1925 789 1978 „se
811 1925 867 1963 non
892 1925 974 1963 uuam
997 1914 1116 1976 aliquan
1137 1916 1178 1965 alt
1199 1917 1232 1966 de
1251 1916 1432 1978 virgilianis

199 1999 348 2050 virtutibus
367 1998 470 2048 audere
488 1995 681 2061 praedicare“,
717 1997 767 2046 sed
786 1997 956 2057 prolaturum
975 2008 1042 2045 esse
1059 1999 1106 2060 „si
1131 1997 1196 2058 quid
1215 1999 1260 2047 vei
1283 2009 1359 2044 nunc
1389 2002 1432 2048 de

197 2067 442 2147 iis'quaecumque
459 2083 553 2132 dicant
569 2081 635 2145 alii,
657 2078 711 2128 sibi
728 2078 831 2143 visun,
854 2080 900 2128 rel
916 2078 970 2128 iam
989 2079 1088 2127 dudum
1105 2079 1210 2140 legenti
1227 2077 1311 2127 merit
1329 2077 1436 2136 adno-

199 2174 300 2234 tatum,
338 2167 499 2218 aservio
519 2168 610 2214 autera
628 2162 793 2224 exigendum
815 2175 899 2224 esse,
924 2167 955 2212 ut
974 2161 1103 2224 quidquid
1123 2162 1272 2212 obscurum
1290 2160 1433 2212 videatur

198 2254 279 2319 quasi
297 2255 473 2304 literatorum
492 2247 609 2296 omnium
633 2246 719 2307 longe
738 2245 873 2296 maximus
892 2247 981 2308 palam
1001 2244 1118 2295 laciat“
1157 2245 1428 2311 Praetextatus,

198 2339 364 2391 ut'omnium
384 2345 434 2384 ora
452 2332 480 2381 in
497 2343 530 2379 se
548 2330 617 2380 vidit
640 2341 796 2394 conversa,
831 2329 1053 2395 „philosophiam
1075 2331 1117 2380 alt
1137 2341 1204 2380 esse
1228 2331 1425 2381 honorandam

199 2420 399 2485 anteloquio“,
432 2415 682 2478 Eustathioque
701 2427 733 2464 se
753 2419 852 2478 optare
869 2420 900 2466 ut
917 2416 1053 2466 succedat
1070 2415 1276 2480 Flavianus,
1309 2419 1341 2465 ut
1358 2413 1424 2476 ipse

157 2551 164 2568 ,
198 2511 362 2578 „aliquanto
388 2502 501 2554 silentio
520 2501 660 2552 instauret
679 2499 755 2551 vires
771 2499 939 2564 loquendi‘:
974 2510 1054 2564 quum
1078 2506 1169 2553 auten
1188 2513 1290 2551 servus
1307 2500 1423 2551 nuntia-

199 2595 271 2645 verit
288 2605 403 2643 coenam
416 2601 486 2650 esse
503 2593 643 2651 paratam,
674 2586 821 2651 proponit,
852 2591 883 2635 ut
898 2586 969 2649 „hae
987 2585 1192 2648 disputationes
1210 2583 1374 2634 diil'eraotur
1391 2585 1421 2634 in
1464 2610 1465 2645 3

200 2663 384 2739 posteri'diei
407 2675 547 2724 meliorem
567 2668 702 2737 partern“,
726 2682 782 2733 quo
804 2674 835 2721 ut
852 2670 994 2732 „Penates
1013 2671 1057 2721 sui
1081 2671 1158 2721 beari
1176 2682 1208 2720 se
1226 2669 1296 2719 tanti
1318 2674 1420 2719 coetus

199 2760 321 2821 hospitio
343 2755 532 2820 glorientum‘,
554 2757 589 2806 ab
611 2756 736 2806 omnibus
755 2754 826 2816 petit
842 2753 1042 2806 Flavianus.

269 2845 431 2892 Sermonum
448 2839 522 2888 inter
537 2839 640 2900 pocula
656 2837 811 2886 habitorum
828 2837 922 2898 aliqua
943 2850 1009 2898 pars
1031 2839 1112 2888 nobis
1131 2841 1246 2888 servata
1265 2843 1310 2887 est
1332 2836 1360 2886 in
1379 2838 1421 2886 ii-

201 2931 260 2979 bro
282 2927 321 2974 li.
371 2923 529 2972 Avienus
554 2926 592 2979 (c.
611 2920 650 2980 i.)
667 2922 725 2970 hoo
747 2919 905 2969 convivium
928 2923 958 2968 et
986 2933 1048 2970 eum
1072 2922 1163 2983 epulis
1185 2936 1201 2972 a
1227 2921 1348 2985 Virgilio
1369 2923 1420 2972 de-

200 3011 315 3073 scriptis
334 3012 441 3058 etcum
461 3004 594 3056 convivio
612 3003 768 3068 Agathouls
787 3006 941 3068 comparat,
959 3015 1109 3066 regemque
1127 3017 1242 3056 mensae
1260 3007 1328 3057 dicit
1343 3018 1419 3073 „nec

200 3099 228 3149 io
258 3094 381 3147 moribus
403 3093 522 3141 Socrate
548 3087 680 3140 minorem
705 3092 734 3136 et
764 3087 791 3136 in
816 3099 848 3136 re
878 3086 989 3149 publica
1015 3089 1180 3152 philosopho
1210 3087 1420 3141 ειθοιιιιοιιιιικι

201 3195 282 3245 esse,
308 3189 388 3241 quam
407 3174 641 3237 comparationem
660 3173 757 3223 abnuit
774 3169 900 3237 vettius,
924 3171 1032 3222 Avieno
1052 3177 1143 3224 tamen
1160 3177 1291 3226 concedit
1309 3176 1351 3226 dei
1367 3178 1420 3226 ho-

202 3279 298 3318 norem
310 3263 383 3326 apud
401 3273 433 3310 se
448 3261 525 3310 nulla
543 3259 665 3310 admixta
678 3257 823 3317 voluptate
841 3257 987 3322 celebrari,
1003 3262 1031 3306 et
1043 3260 1261 3321 Symmachus
1280 3259 1419 3327 proponit,

200 3358 232 3404 ut
247 3345 492 3418 „iocos'veterum
507 3357 541 3396 ac
560 3343 691 3396 nobilium
710 3341 832 3392 virumn
847 3343 1027 3393 edecumatos
1045 3355 1061 3392 e
1079 3343 1233 3409 multiiugis
1248 3345 1327 3395 libris
1342 3346 1420 3394 rela-

200 3438 277 3489 tione
296 3439 390 3486 matura
408 3428 585 3495 proterant“,
604 3440 720 3492 quorum
738 3428 999 3489 praestantissimos
1017 3435 1149 3478 auctores
1168 3429 1237 3479 dicit
1253 3441 1318 3479 esse
1333 3429 1418 3480 i’lau·

202 3529 258 3573 tum
276 3527 361 3584 atque
377 3517 541 3569 ciceronem
559 3519 588 3566 et
605 3515 740 3566 Catonern
760 3512 935 3563 censorium.
971 3512 1080 3576 Singuli
1102 3513 1201 3563 deinde
1220 3518 1260 3574 (c.
1278 3516 1317 3573 2.)
1334 3527 1416 3565 linum

202 3607 349 3669 proterunt
367 3601 468 3664 iocum,
486 3605 514 3650 et
532 3601 755 3662 'ymmhchlis
774 3597 934 3647 versiculos
952 3596 1090 3661 Platonis,
1110 3610 1181 3660 quos
1200 3603 1231 3659 (e
1249 3598 1352 3656 Gellio]
1372 3603 1417 3648 at-

203 3689 267 3739 tulit
284 3688 413 3750 ilorus,
424 3684 496 3733 dicit
513 3683 669 3746 selegisse
687 3682 831 3744 aliquanto
847 3681 932 3732 latius
950 3681 1124 3732 inualidum
1143 3695 1258 3747 versos,
1281 3695 1350 3746 quos
1369 3696 1415 3733 re-

203 3774 281 3823 citat.
316 3769 422 3819 Deinde
441 3771 481 3828 (c.
496 3769 537 3827 ι.)
554 3757 643 3836 refert
660 3767 735 3816 dicta
754 3764 912 3831 ciceronis,
930 3770 987 3816 turn
1004 3765 1157 3818 Avienus
1172 3772 1213 3827 (c.
1231 3767 1270 3828 i.)
1288 3767 1415 3835 Augusti,

204 3863 244 3918 (c.
263 3860 302 3915 ti.)
323 3853 410 3904 iuliae
428 3852 489 3903 eius
508 3848 599 3918 filiae,
619 3857 658 3911 (c.
678 3852 716 3910 6.)
735 3849 869 3917 aliorum,
889 3856 930 3911 (c.
950 3851 990 3910 7.)
1009 3851 1135 3914 Laberii,
1154 3851 1244 3902 Publii
1262 3851 1340 3915 syri,
1357 3852 1414 3916 ι’)-

201 3942 275 3994 ladis
302 3936 456 3989 histrionis.
503 3937 611 3988 hiensis
637 3936 770 3987 secundis
797 3936 917 3986 admotis
942 3939 982 4008 (e.
1004 3936 1044 3996 8.)
1072 3948 1089 3984 a
1115 3936 1251 3987 Flaviano
1276 3937 1414 3989 excitatus

203 4026 359 4080 caecina
374 4023 524 4074 Albinus
545 4023 634 4073 reiert
650 4023 743 4073 locum
761 4021 899 4071 Varronis
921 4019 968 4083 qui
990 4025 1036 4069 est
1054 4020 1089 4069 de
1106 4020 1231 4070 bellariis
1253 4025 1284 4081 (e
1302 4023 1411 4081 Gellio).

202 4112 406 4178 Euangelus
426 4108 524 4159 deinde
545 4109 656 4174 suadet,
675 4111 706 4156 ut
724 4106 843 4155 Platone
860 4109 979 4155 auctore
995 4103 1157 4166 indulgeant
1175 4105 1249 4156 vino.
1284 4106 1412 4169 obloqui-

203 4203 249 4249 tur
266 4197 489 4258 ltustathius,
512 4195 592 4246 etde
615 4191 680 4242 vino
696 4188 913 4252 libidinibusque
934 4188 1044 4249 (verbis
1064 4189 1161 4249 Gellii)
1179 4192 1288 4252 protest
1303 4196 1412 4243 senten-

202 4281 259 4331 tias
276 4281 402 4331 Platonis
421 4279 584 4333 Aristotelis
601 4274 790 4338 Hippocratis.
823 4274 943 4336 Reliqua
954 4273 1071 4322 desunt.

270 4365 426 4417 secundo
450 4368 501 4418 die
526 4363 640 4416 eosdem
659 4374 693 4411 ac
715 4357 804 4422 primu
826 4358 870 4408 dle
891 4357 963 4420 apud
982 4357 1105 4407 Vettium
1122 4357 1328 4410 Praetextatum
1344 4372 1410 4411 eon-

203 4447 318 4500 venisse
340 4451 536 4504 Nicomachi
558 4445 725 4499 Flaviani
748 4446 871 4507 domum,
903 4441 1071 4512 primumque
1093 4443 1126 4492 de
1152 4443 1310 4508 astrologia
1330 4448 1408 4507 atque

200 4535 376 4597 philosophia
390 4533 502 4596 virgilii
519 4531 710 4592 disputavisse
721 4525 954 4589 linstathiuru,
973 4530 1002 4577 et
1018 4532 1084 4589 post
1094 4539 1154 4578 euru
1165 4529 1200 4577 de
1211 4529 1332 4578 eiusdem
1343 4527 1407 4579 iuris

201 4619 347 4681 auguralis
369 4618 490 4669 scientia
511 4613 724 4679 Flavianum,
749 4611 854 4662 acinus
872 4623 888 4660 e
904 4610 969 4662 libri
985 4612 1008 4662 Ι.
1028 4607 1092 4664 line.
1138 4613 1193 4664 Sed
1215 4611 1408 4665 interciderunt
