2950 4992
156 144 189 188 rr
597 106 930 192 PROLEGOMENA.

153 293 230 348 tiore
247 293 487 359 legisculusiam
507 294 536 348 in
554 295 617 346 coil.
635 294 733 348 lustin.
752 297 786 349 l..
801 296 832 362 l,
861 296 904 350 tlt.
923 295 981 364 rt,
1012 308 1085 361 qnae
1103 298 1150 349 lsx
1172 297 1240 350 (ists
1258 298 1305 348 est
1321 298 1381 348 lis·

152 391 261 430 vennae
279 392 306 430 o.
327 378 498 432 cccxcix.
532 381 640 441 Quodsi
654 381 746 448 igitur
762 383 816 432 boc
832 395 907 434 sano
924 382 1087 447 lignitatem
1106 381 1226 434 obtinuit
1241 382 1381 445 praetecti
1463 432 1464 435 ,

151 463 314 528 praetorio,
348 463 438 528 ipsius
457 466 562 518 usialis
579 465 706 518 incliere
718 466 822 526 debuit
839 467 868 518 in
885 465 967 518 tinem
985 468 1077 518 seculi
1093 469 1133 518 lv
1153 479 1210 518 non
1228 468 1311 519 ratde
1328 480 1382 517 ex·

155 548 244 600 tremi.
279 551 316 600 Et
342 550 413 602 banc
444 551 479 602 ob
508 563 567 602 rem
594 551 732 603 blscrobli
760 554 842 602 setss
864 564 891 603 ,ι
918 552 1006 604 saxio
1026 551 1073 616 ¹²⁶)
1099 553 1192 603 relata
1218 557 1265 602 est
1291 552 1326 602 ai
1351 564 1381 603 s.

156 631 309 684 GGGGX.“
346 635 426 694 Quod
443 634 469 684 si
487 634 527 686 ito
544 638 604 702 est,
623 636 783 698 syaaaebi
800 636 852 688 suit
869 638 998 701 sequialis
1019 636 1198 701 Macrobius,
1216 638 1267 692 seri
1285 625 1381 688 aetate

155 718 268 770 minor..
290 719 414 770 Alterum
427 718 499 771 illud
518 718 687 782 rescriptum
704 722 796 772 datum
815 723 968 773 Ravennae
982 735 1008 773 a.
1026 721 1199 784 cccxcix,
1217 735 1271 784 quo
1288 724 1383 774 Arca·

156 803 221 854 tiliis
251 805 280 853 et
309 804 452 856 lincurius
485 804 632 856 biscrobio
664 806 811 866 praetecta
841 807 985 868 praetorio
1013 807 1209 868 Hispaniarum
1242 806 1382 871 scribunt,

156 887 265 938 etiamsi
283 888 421 951 prohibita
444 892 543 940 essent
567 885 711 940 sacrificia
730 890 909 957 templorum,
941 895 1032 947 tamen
1055 905 1088 942 se
1112 891 1187 944 velie
1205 891 1384 953 publicorum

157 984 270 1034 operum
289 977 453 1025 ornamenta
469 972 597 1039 serrari,
631 973 751 1026 forsitan
769 975 832 1037 quis
848 976 991 1037 nutaverit
1009 989 1065 1027 non
1084 976 1212 1039 potuisse
1230 976 1300 1026 mibi
1318 978 1383 1026 its·
1464 998 1465 1003 ι

157 1057 255 1108 orobio
278 1069 405 1120 pagano:
440 1058 491 1108 red
516 1060 628 1120 poterat
645 1070 715 1108 sane
732 1055 810 1125 lieri,
844 1063 875 1110 ut
899 1059 946 1122 qul
962 1061 1024 1122 ipse
1043 1065 1122 1111 esset
1139 1073 1267 1123 paganus
1284 1059 1313 1111 ln
1330 1073 1383 1123 ns·

156 1153 293 1204 asnorum
310 1142 482 1192 commodum
501 1146 605 1206 rogatu
624 1156 678 1195 suo
695 1145 729 1195 ab
750 1143 965 1208 metatoribus
989 1144 1154 1209 inpetraret
1176 1145 1382 1197 eiusmodire·

157 1225 302 1287 scriptum.

224 1311 250 1359 8.
285 1311 325 1360 lle
340 1311 477 1362 biscrobii
493 1310 584 1374 patris
601 1311 669 1363 nibil
684 1312 790 1380 scimus
808 1313 864 1364 nisi
878 1315 1031 1364 Romanum
1051 1327 1112 1364 eurn
1127 1314 1305 1381 non.ioisse,
1327 1314 1383 1366 inr-

157 1407 202 1444 rno
223 1394 253 1444 in
274 1395 428 1459 longinqua
450 1398 567 1459 quadam
591 1402 667 1448 terra
690 1403 800 1463 natum,
830 1398 857 1449 id
879 1400 953 1462 quod
978 1398 1048 1449 ‹lieit
1068 1399 1130 1462 inse
1154 1401 1266 1452 Satura.
1289 1401 1335 1451 lib.
1356 1401 1383 1465 1,

156 1481 245 1542 prael.
262 1479 275 1545 5
292 1479 351 1529 1l.=
368 1480 422 1531 alai
436 1481 519 1534 sicubi
535 1495 586 1532 uos
603 1482 666 1534 sab
685 1483 754 1535 alio
769 1490 857 1536 ortas
872 1483 965 1534 eaelo
984 1482 1099 1536 Latiaae
1114 1483 1228 1552 liuguae
1245 1501 1313 1537 oasa
1327 1499 1382 1536 aaa

158 1564 275 1616 adiacet.
312 1567 400 1616 Recte
418 1577 488 1628 ergo
506 1557 668 1619 Gronovius
686 1569 720 1618 aii
740 1568 844 1620 comm.
862 1568 911 1619 lib.
928 1570 953 1633 l,
969 1581 995 1618 e.
1014 1568 1054 1618 1.:
1078 1570 1141 1636 „De
1159 1569 1263 1635 catria,
1280 1569 1382 1635 inquit,

158 1661 214 1699 non
234 1649 312 1700 deest
333 1650 405 1712 quod
425 1650 589 1718 coriletum,
623 1654 704 1704 deest
727 1653 775 1712 cul
798 1650 909 1704 fidam.“
945 1653 1025 1712 Quod
1044 1642 1194 1704 Fabricius
1216 1655 1383 1718 (bibliot.
1465 1690 1467 1709 i

158 1735 201 1784 erl.
218 1734 246 1800 l,
268 1748 295 1796 p.
313 1735 372 1784 tib.
392 1738 420 1784 et
438 1736 480 1790 ed.
501 1738 566 1787 llrn.
584 1738 641 1786 voi.
659 1739 716 1804 ΙΙΙ,
740 1753 766 1800 p.
783 1739 859 1805 leit,
880 1740 916 1788 ei.
934 1738 1041 1790 Faneo.
1059 1740 1079 1788 l.
1096 1739 1137 1803 c.)
1156 1739 1197 1789 ait
1214 1739 1241 1789 in
1262 1735 1384 1791 (libero-⁸

157 1818 242 1868 niano
260 1820 404 1868 Erasmum
423 1819 511 1870 virieri
528 1821 702 1872 blacrobium
721 1821 854 1871 babilisse
872 1835 923 1882 pro
942 1823 1055 1874 Graeco
1072 1823 1114 1887 (iti
1129 1825 1202 1889 quoi
1221 1825 1383 1890 nuperrime

157 1901 289 1964 repetiuit
306 1903 466 1970 Baebius),
482 1905 509 1955 io
523 1889 637 1954 'minime
654 1904 729 1953 inest
746 1903 774 1952 in
790 1905 900 1953 lirsssri
918 1907 1023 1971 verbis,
1039 1908 1086 1970 qui
1104 1908 1145 1973 (p.
1162 1905 1252 1971 urb:
1267 1911 1384 1975 „bessa

157 1986 256 2050 picam,
277 1987 377 2054 inquit,
395 1988 567 2040 corniculam
585 1986 648 2036 mibi
666 1986 809 2049 nominasse
833 1999 870 2038 ex
887 1988 1007 2040 aliorum
1024 1994 1126 2053 pannis
1145 2007 1215 2043 suos
1233 1991 1382 2042 contexuit

158 2075 303 2122 centones.
337 2075 435 2136 itaque
452 2084 505 2123 sua
524 2071 621 2134 lingue
639 2082 695 2121 non
713 2071 853 2135 loquitur,
883 2077 913 2122 et
930 2073 956 2123 si
974 2079 1084 2140 quando
1103 2076 1242 2138 loquitur,
1274 2073 1381 2120 Grae-

158 2158 270 2208 culum
288 2158 389 2208 Latine
410 2153 547 2206 balbutire
570 2156 681 2204 credas.
716 2149 796 2216 Obori
815 2169 906 2220 genus
924 2164 969 2210 est
989 2151 1057 2212 iliiul
1075 2175 1112 2210 ex
1132 2153 1332 2207 commentario
1348 2153 1381 2204 in

157 2242 292 2293 somnium
308 2239 449 2302 scipionis
468 2239 592 2288 secundo
612 2236 648 2305 [c.
666 2239 710 2307 la,
728 2240 743 2307 ᾖ
761 2239 830 2308 il.]:
861 2243 899 2296 Ee
912 2243 965 2295 liae-
978 2261 1034 2296 asse
1049 2243 1142 2292 aalaat
1162 2239 1232 2305 quod
1249 2238 1382 2289 Hammo

157 2325 307 2378 diuinarum
325 2323 441 2374 omnium
456 2321 633 2376 inventionum
648 2327 714 2389 sous
730 2334 757 2378 et
774 2328 853 2396 origo
871 2329 918 2378 aab
932 2328 1050 2394 posticae
1064 2325 1133 2374 nabe
1143 2323 1273 2392 figmenti
1288 2338 1382 2374 aaran

158 2411 326 2477 sapientibus,
339 2405 457 2473 intelligi
474 2406 575 2460 delita
626 2413 695 2462 lirul
712 2426 774 2464 eum
787 2419 917 2475 nutarent
935 2424 991 2460 non
1013 2409 1184 2466 Graeculam
1202 2409 1252 2458 seri
1269 2423 1382 2475 gruem

159 2494 212 2545 lum
232 2491 384 2554 scribsiffl
402 2493 558 2560 Erbssmllm,
579 2496 624 2559 qui
643 2498 734 2562 Adag,
750 2499 781 2563 l,
799 2498 829 2562 7,
844 2494 1123 2561 tt.:·‚‚tlraeulus
1142 2494 1381 2559 inter‘lttusss,
1466 2522 1467 2555 ,

158 2579 262 2642 iuqrrit,
294 2577 424 2627 indoctus
453 2578 527 2629 inter
557 2582 754 2650 doctissimos,
788 2580 993 2633 infantissimus
1021 2580 1096 2631 inter
1120 2577 1381 2641 eloquentissimus.
1466 2568 1467 2575 ’

158 2665 247 2713 bieria
271 2661 380 2712 dicetur
396 2667 425 2712 et
444 2663 474 2714 in
492 2665 616 2716 immines
642 2659 833 2718 ostentatione
855 2664 1114 2722 latrocinaturum
1135 2677 1168 2713 se
1188 2663 1331 2714 iactantes
1350 2664 1381 2712 et
1466 2726 1467 2741 χ

159 2746 229 2798 viris
255 2745 372 2796 eruditis
395 2748 569 2810 impudenter
590 2753 796 2814 obstrepentes.
831 2755 882 2802 Est
902 2751 974 2810 eninr
996 2750 1168 2811 graculus
1188 2749 1252 2798 avis
1270 2739 1380 2797 minine
1466 2744 1467 2763 ¹

159 2843 267 2881 canora
283 2832 333 2881 aed
352 2836 442 2881 tamen
462 2833 560 2882 odiose
578 2837 694 2896 garrula
715 2841 799 2897 atque
817 2837 1002 2896 obstrepere“
1022 2833 1078 2896 ²⁷).
1112 2836 1151 2882 At
1167 2833 1250 2882 etiarn
1266 2833 1295 2882 in
1313 2831 1380 2882 edit.

159 2915 292 2966 Frobenii
310 2917 375 2966 anni
394 2917 544 2966 Mbllxlx
561 2917 666 2980 legitur
690 2917 848 2977 Graeculae,
884 2919 910 2966 lu
932 2929 1002 2978 ergo
1027 2927 1101 2963 nilne
1121 2916 1295 2965 retinentium
1314 2928 1380 2972 esse

159 2999 297 3064 arbitror,
321 3013 410 3064 neque
427 3005 518 3051 lamen
538 3002 664 3051 concedo
682 3003 828 3052 Erasmum
848 2999 981 3050 babuisse
997 2999 1170 3054 biserobium
1187 3012 1238 3060 pro
1257 3002 1380 3051 Graeco.

158 3086 226 3134 Nam
244 3087 343 3136 verba:
380 3085 657 3137 Graeculam-batiae
673 3083 804 3135 balbutire
821 3083 953 3145 credas,
976 3094 1042 3135 ,non
1061 3087 1116 3132 tam
1135 3082 1271 3147 originem
1290 3087 1382 3136 Grae-

51 3205 55 3214 .
160 3179 220 3219 eam
239 3183 318 3233 quiam
338 3184 500 3232 perversam
519 3172 652 3222 Graeculi
675 3169 829 3221 doctrinam
849 3167 894 3234 ⁹⁸)
919 3164 1097 3234 significant,
1132 3167 1160 3218 ici
1182 3157 1382 3232 quou'conlir-

227 3411 273 3469 Ν)
294 3408 439 3461 (incuruat-
454 3410 517 3470 “vob
537 3409 565 3471 1,
587 3425 614 3475 p.
630 3411 690 3460 418.
726 3407 842 3459 Sebooil
862 3405 970 3467 (Tabia
986 3403 1155 3473 synoptiqne
1172 3406 1222 3456 ries
1241 3407 1382 3468 ecrirnins

158 3477 307 3539 Romulus)
332 3477 358 3529 ci
377 3477 509 3545 assignat
532 3493 634 3528 euurun
658 3476 798 3542 cccclii.
833 3475 974 3526 Baebrius
994 3475 1105 3534 (licens.
1127 3473 1302 3527 trinomen.
1325 3479 1381 3530 voi.

158 3547 197 3608 ll,
215 3563 241 3611 p.
260 3551 335 3605 600.)
354 3546 441 3597 relart
456 3547 535 3598 ulios·
547 3547 626 3605 (coil.
644 3546 743 3598 blabui
762 3545 782 3594 l.
802 3562 826 3595 c.
841 3553 870 3595 et
887 3544 989 3594 Grues.
1010 3543 1073 3594 ibes
1100 3543 1304 3606 autiquuliorn.
1325 3548 1382 3599 voi.

158 3613 195 3674 V,
220 3631 244 3677 p.
263 3616 337 3672 293.)
356 3620 481 3666 statuere
502 3615 677 3664 Macrobium
701 3612 833 3663 floruisse
856 3611 929 3662 inter
946 3609 1207 3663 unuanicccllcv
1230 3619 1258 3670 et
1278 3629 1387 3682 annuns

158 3679 394 3741 CCCCXXXVI,
409 3682 440 3731 E.
461 3680 621 3731 Tonberum
639 3697 705 3732 vcro
723 3682 773 3740 (de
790 3679 870 3732 Serv.
889 3679 939 3742 vit.
956 3686 985 3730 ot
1000 3684 1115 3750 comm.)
1132 3695 1195 3729 curn
1214 3677 1269 3731 ianr
1286 3687 1382 3734 uatum

157 3748 247 3800 luisse
265 3755 337 3798 abno
354 3746 481 3797 CCCLX.
515 3749 572 3798 ulit
591 3749 679 3799 aliaue
694 3748 841 3798 Macrobio
862 3746 1227 3814 assignaveruutaeteteru.
1261 3748 1309 3800 Sic
1326 3749 1382 3803 Fa-

157 3816 265 3868 bricius
283 3815 371 3874 (Bibi.
387 3815 449 3866 Lat.
466 3815 509 3866 cd.
529 3816 549 3866 l.
565 3815 657 3882 suppl.
674 3819 780 3882 mace,
797 3817 841 3866 ed.
860 3817 927 3866 Ern.
943 3815 999 3866 vol.
1017 3816 1069 3877 lll,
1087 3833 1114 3883 p.
1132 3818 1206 3877 lel.;
1219 3817 1260 3867 ci.
1277 3817 1381 3870 Fancc.

158 3886 178 3938 l.
196 3890 235 3942 c.)
253 3883 411 3935 Riccioium
430 3882 470 3935 ait
494 3883 521 3934 in
542 3885 704 3950 Aimagesto
722 3885 929 3950 reprehendere
947 3884 1173 3946 (terebrantibus,
1194 3883 1382 3939 Sacrovirum

157 3959 186 4007 et
204 3953 377 4012 Thermum,
408 3951 454 4018 quii
471 3968 534 4002 curn
554 3953 587 4002 uti
605 3953 730 4003 seculum
749 3953 903 4005 secundum
921 3968 938 4004 a
955 3951 1070 4004 Christo
1088 3958 1153 4003 nalo
1168 3954 1332 4021 retulerint,
1354 3961 1382 4009 et

158 4023 332 4075 coniectores
350 4020 457 4082 iudicis
470 4017 659 4073 bibliothecae
680 4019 845 4085 vaticanae,
868 4020 916 4088 qui
933 4021 969 4072 ad
988 4021 1138 4072 decimum.

226 4093 271 4152 ²⁷]
292 4089 335 4141 ct.
355 4089 405 4140 Cb.
426 4091 457 4140 Α.
474 4089 632 4140 Heumauni
650 4099 838 4172 conspectum
850 4089 930 4155 Reip.
952 4087 1026 4140 liter.
1046 4105 1107 4156 cap.
1123 4088 1190 4154 vll,
1207 4090 1221 4154 b
1238 4094 1294 4140 illle
1321 4091 1381 4154 „lli

158 4158 220 4224 [qui
236 4175 251 4208 o
265 4159 388 4226 plurium
407 4157 490 4210 libris
507 4164 664 4228 congerunt
676 4159 810 4226 qrrrdquici
827 4158 964 4218 scribunt,
982 4157 1171 4224 descriptores
1189 4157 1283 4210 varias
1298 4175 1381 4225 quum

157 4226 325 4290 scriptores)
346 4227 493 4294 gra'cuio
516 4225 561 4277 illi
581 4227 728 4292 Aesopia
754 4227 864 4279 similes
884 4240 967 4291 quarn
991 4223 1058 4300 nulli
1083 4231 1112 4276 et
1134 4225 1250 4279 ridiculi
1270 4228 1381 4281 evasuri

158 4299 236 4354 sunt,
255 4293 280 4343 si
301 4310 371 4357 paro
390 4311 455 4346 suus
473 4293 591 4362 quisque
609 4311 713 4362 paunus
732 4293 910 4361 repetierii.“
1104 4327 1110 4336 ·

227 4363 272 4421 ²⁸]
291 4361 368 4412 idem
384 4362 434 4412 illo
451 4363 634 4415 Heumanuus
653 4363 722 4414 tbtu.
740 4365 754 4429 b
769 4367 812 4413 ib.
832 4360 944 4427 „Certe
959 4359 1062 4426 iuquit,
1084 4360 1313 4428 quotiescumque
1328 4363 1382 4416 bas

157 4427 217 4496 legi
236 4429 373 4495 epistolas
391 4429 540 4495 (ignatii),
561 4432 738 4498 deprehendi,
751 4429 847 4486 omnia
861 4430 890 4482 ib
906 4427 970 4479 iliis
990 4444 1053 4479 esse
1070 4428 1190 4496 frigida,
1209 4430 1319 4496 ieiuna,
1330 4432 1381 4484 in-

158 4497 217 4566 epti
237 4496 356 4550 tumoris
375 4496 577 4564 affectataequo
596 4497 861 4566 grandiloqnentia'a
877 4498 963 4564 plens
983 4504 1013 4550 st
1029 4497 1115 4550 simis
1132 4497 1228 4556 viride
1243 4500 1382 4567 spirantis
1415 4507 1420 4514 ’

159 4581 260 4618 vanum
280 4570 308 4618 ct
326 4566 441 4632 planum
460 4563 721 4622 Graeculum-“⁸
1118 4579 1124 4590 ·
