2950 4992
243 155 712 234 commorimur.
755 157 875 226 uus
919 158 1116 230 osuxun
1223 160 1265 226 ’Π

96 338 143 402 iro
166 334 350 423 permiserit
390 332 463 400 Non
483 331 567 398 euim
593 330 682 396 ritnri
708 349 840 416 poenam
862 328 972 396 iurtira
997 329 1183 400 discessione
1210 331 1264 400 sed

96 443 244 488 crescere.
284 422 352 486 Hoc
375 438 500 517 quoque
521 415 621 493 addit,
655 435 713 481 nos
733 435 801 480 esse
821 415 854 479 in
874 414 1011 481 dominio
1032 417 1161 484 deorum
1187 439 1264 504 quo·

96 528 168 572 rum
194 504 343 571 tutela'et
365 501 556 589 providentia
585 502 810 586 gubernemur:
847 499 924 563 nibil
947 508 1050 565 autem
1076 525 1144 569 esse
1166 504 1263 570 inrito

95 591 224 657 domino
245 590 283 656 de
304 589 352 654 bis
377 609 458 674 quae
477 584 614 673 possidet
634 607 671 652 es
695 606 733 650 eo
755 584 823 650 loco
844 583 874 648 in
899 605 962 669 quo
987 605 1077 651 suurn
1097 589 1263 655 constitue·

96 684 146 743 rat
166 674 383 741 auferendum:
422 679 455 737 et
480 671 561 737 sicut
587 670 641 756 qui
670 671 764 735 vitam
794 669 947 754 mancipio
974 677 1137 756 extorquet
1163 674 1264 739 alieno

97 760 224 826 erimine
246 781 309 826 non
329 757 460 834 carebit,
489 757 532 822 its
551 777 623 821 cum
646 755 700 842 qui
722 755 815 820 finem
837 754 895 819 sibi
918 754 1044 820 domino
1066 756 1196 822 necdum
1219 762 1265 826 iu·

95 845 188 911 bento
210 843 397 932 quaesiverit
418 863 480 907 non
501 840 727 906 absolutionem
747 839 894 926 consequi
917 840 970 905 sed
993 849 1122 908 reatum.
1180 846 1265 910 Haeo
1294 853 1315 916 9

95 931 273 996 Platonicae
294 934 395 994 sectae
417 926 534 992 semina
556 927 649 992 altius
670 925 812 992 Plotinus
837 925 1010 1012 exequitur.
1053 927 1197 1014 Oportet,
1219 930 1266 996 in·

97 1015 180 1103 quit,
214 1014 348 1080 enimam
370 1018 441 1098 post
461 1010 618 1076 bominem
641 1011 769 1076 liberam
789 1010 945 1096 corporeis
962 1012 1158 1160 passionibus
1180 1015 1265 1082 inre·

96 1100 165 1165 uiri.
209 1099 312 1178 Quam
333 1097 386 1183 qui
410 1096 449 1161 de
470 1117 599 1183 corpore
623 1095 775 1163 violenter
801 1095 938 1161 extrudit
973 1097 1089 1164 iberam
1112 1101 1265 1167 essenon

96 1185 220 1271 patitur.
262 1181 326 1261 Qui
347 1182 430 1248 enim
451 1181 509 1247 sibi
532 1203 588 1248 sua
614 1188 724 1266 sponte
752 1201 858 1245 necem
888 1190 1044 1265 comparat
1069 1193 1123 1250 aut
1148 1196 1266 1273 pertae-

97 1291 151 1335 sus
173 1267 362 1333 necessitatis
389 1274 444 1332 aut
468 1274 555 1332 metu
573 1266 754 1352 cuiusquam
782 1265 820 1331 ad
846 1263 906 1330 boc
928 1264 1086 1332 descendit
1109 1280 1164 1336 aut
1183 1272 1265 1348 odio,

98 1374 179 1439 quae
200 1353 304 1419 omnia
329 1352 410 1418 inter
430 1351 589 1438 passiones
614 1351 785 1417 habentur:
825 1371 913 1435 ergo,
948 1351 1007 1416 etsi
1035 1360 1106 1418 ante
1132 1353 1191 1420 luit
1217 1355 1265 1421 bis

98 1437 241 1505 sordibus
260 1458 352 1524 pura,
373 1437 433 1502 boc
453 1437 522 1524 ipso
540 1445 658 1514 tamen,
680 1457 744 1523 quo
762 1435 826 1501 exit
846 1442 982 1511 extorta,
1004 1437 1162 1506 sordescit
1203 1441 1266 1506 De·

98 1523 170 1589 inde
191 1532 322 1588 mortem
343 1522 455 1588 debere
474 1523 519 1588 ait
538 1523 659 1588 animae
680 1542 697 1586 a
720 1541 849 1606 corpore
873 1519 1058 1587 solutionem
1080 1545 1163 1602 esse,
1202 1546 1266 1592 nou

97 1608 269 1676 vinculum:
290 1609 377 1674 exitu
397 1616 502 1674 autem
523 1616 629 1673 coacto
650 1607 783 1672 enimam
805 1606 884 1670 cirea
905 1627 1017 1692 corpus
1037 1609 1132 1694 magis
1154 1611 1318 1696 magis-qao]

98 1714 159 1779 que
179 1694 296 1760 vinciri.
330 1695 380 1760 'Et
401 1713 507 1760 revera
527 1693 598 1758 ideo
616 1692 660 1756 sio
681 1700 820 1756 extortae
840 1691 961 1756 animae
980 1691 1034 1758 diu
1054 1693 1132 1760 eirca
1154 1717 1266 1782 corpus
1278 1707 1318 1772 ιθ

97 1779 203 1844 eiusve
223 1778 414 1864 sepulturam
437 1778 485 1843 rel
507 1777 609 1843 locum
630 1776 663 1843 in
682 1797 746 1862 quo
770 1776 879 1842 iniecta
897 1797 1007 1843 monus
1032 1786 1079 1846 est
1099 1800 1266 1866 pervagan-

98 1871 164 1929 tur:
185 1885 256 1930 eum
279 1870 385 1928 eontra
404 1862 475 1928 illae
492 1864 625 1939 animae,
647 1882 727 1948 quae
747 1861 830 1927 sein
853 1861 909 1926 bac
929 1862 991 1928 rita
1011 1864 1178 1948 avinculis
1200 1888 1267 1932 cor·

97 1949 182 2036 poris
202 1946 415 2046 philosophiae
436 1955 536 2014 morte
555 1946 741 2022 dissolvunt,
767 1945 867 2012 adbuc
887 1954 1011 2013 extenta
1032 1969 1162 2035 corpore
1180 1952 1266 2018 caelo

97 2042 131 2100 et
151 2033 303 2100 sideribus
321 2040 505 2099 inserantur.
546 2034 589 2099 Et
610 2032 680 2098 idco
700 2031 784 2096 illam
806 2032 902 2098 solam
923 2031 961 2098 de
981 2033 1162 2102 voluntariis
1184 2059 1267 2104 mor·

98 2120 181 2184 tibus
202 2118 353 2204 signifieat
380 2139 448 2183 esse
476 2117 677 2195 laudabilem,
709 2137 790 2203 quae
818 2124 1027 2204 comparatur,
1059 2128 1095 2186 ut
1122 2121 1266 2201 diximus,

98 2203 310 2353 philosophice
331 2202 466 2280 ratione,
491 2224 554 2268 non
573 2202 668 2279 terro,
698 2201 878 2288 prudentia,
904 2223 966 2268 non
986 2224 1115 2270 veneno.
1171 2207 1315 2278 Additll

99 2289 191 2356 etiam
212 2289 296 2354 iiam
318 2289 414 2355 solam
441 2309 509 2354 esse
535 2289 705 2355 naturalem
727 2295 877 2366 mortem,
916 2286 970 2352 ubi
989 2308 1102 2374 corpus
1121 2290 1267 2370 animam,

99 2396 163 2440 non
190 2375 293 2440 anima
319 2395 448 2460 corpus,
476 2374 633 2460 relinquit
674 2371 804 2438 Constat
825 2372 908 2437 enim
929 2391 1129 2439 numerorum
1151 2384 1267 2442 certam

99 2461 360 2544 constitutamque
379 2459 531 2524 rationem
558 2458 676 2522 animas
698 2456 815 2520 sociare
840 2455 1030 2541 corporibus
1073 2458 1113 2522 Hi
1144 2462 1267 2526 numeri

99 2546 173 2611 dum
196 2549 377 2630 supersunt,
412 2549 587 2627 perseverat
607 2560 719 2624 corpus
740 2539 884 2604 animari:
925 2559 995 2604 curn
1015 2560 1090 2605 vero
1112 2541 1268 2625 deliciunt,

98 2653 172 2696 mox
192 2629 324 2694 arebane
344 2626 395 2691 illa
416 2625 462 2691 vis
484 2625 622 2700 solvitur,
642 2644 703 2708 que
724 2623 853 2688 societas
872 2623 938 2710 ipsa
957 2625 1130 2691 constabat:
1156 2636 1188 2695 et
1208 2629 1268 2697 boo

99 2713 257 2799 estquod
285 2711 381 2775 latum
408 2717 440 2775 et
464 2707 565 2773 letalia
594 2709 676 2775 ritae
703 2713 1019 2793 temperaveramus.
1059 2710 1172 2778 Anima
1193 2736 1268 2801 ergo
1279 2719 1319 2784 12

100 2801 167 2886 ipsa
188 2818 251 2862 non
272 2794 389 2874 delicit,
413 2793 528 2881 quippe
548 2813 627 2882 quae
645 2791 817 2860 inmortalis
836 2801 929 2881 atque
946 2802 1095 2882 perpetua
1117 2806 1179 2881 est,
1213 2803 1268 2870 sed
1295 2798 1297 2802 ’

893 3011 979 3077 [Edd.
995 3010 1201 3084 rlcsbgspdsb.

97 3104 162 3159 iude
178 3100 210 3153 1⁴⁴,
235 3127 263 3139 -
287 3098 459 3152 abscessione
477 3098 527 3151 ΒΞ.
549 3125 586 3139 -
605 3097 635 3151 s‘s
651 3098 713 3150 dsso
730 3097 806 3166 (sup.
825 3097 955 3164 dominio)
973 3096 1007 3148 Γ.
1028 3125 1062 3138 -
1082 3101 1269 3157 dominorum

99 3187 208 3242 quernos
228 3168 280 3233 Hl.
314 3168 366 3219 dei
382 3169 477 3219 ossius
492 3166 565 3218 Bss.
578 3195 614 3208 -
630 3168 751 3219 sdds'ds't
766 3165 837 3219 un.
853 3195 889 3208 -
906 3166 973 3220 sss‘ss'
989 3167 1046 3222 lsoc
1061 3184 1117 3221 esse
1135 3175 1211 3239 (sup.
1226 3175 1270 3226 rri-

98 3241 138 3292 til
154 3241 257 3296 sotere)
272 3235 325 3286 Βῆ.
341 3261 377 3277 -·
394 3235 499 3287 dosrisso
513 3252 574 3286 sors
592 3236 697 3288 isdeste
714 3234 766 3286 Rl.
901 3239 927 3287 9.
965 3233 1094 3304 Plotium]
1106 3237 1230 3291 Ennesd.
1245 3240 1268 3305 l,

98 3308 149 3360 lib.
160 3305 207 3356 lx.
218 3330 252 3343 -
263 3303 355 3354 debers
365 3305 473 3354 seinse
481 3303 521 3354 sil
529 3302 582 3352 Rl.
720 3306 762 3351 10.
798 3301 888 3354 eiusce
897 3303 1084 3370 sepolchrum
1095 3304 1145 3356 Rl.
1156 3333 1190 3346 -
1200 3323 1269 3372 quae

98 3377 128 3427 iss
143 3375 212 3438 (οι.
235 3371 277 3435 se)
296 3370 379 3436 csbg.
399 3397 434 3407 -
450 3369 566 3436 eorporis
582 3367 723 3419 FSRl2Gi
739 3366 864 3436 „Angl.“
896 3372 1038 3435 corporeis
1054 3370 1216 3423 rc-bPBsn.
1233 3402 1269 3414 -

98 3441 294 3496 discoloratur
311 3452 373 3504 r-g.
389 3463 424 3476 -
442 3438 524 3488 dicit
540 3452 596 3487 esse
610 3436 685 3488 lond.
703 3435 734 3486 Γ.
752 3460 785 3473 -
802 3443 832 3488 ast
850 3434 975 3502 distenas]
995 3435 1039 3489 Cl.
1054 3435 1067 3498 b
1085 3440 1109 3486 e.
1129 3464 1162 3477 -
1178 3440 1270 3506 plss‘lo-

99 3509 208 3576 soplss'se
228 3506 332 3558 sotim
351 3511 382 3556 as
401 3504 516 3554 diriores
542 3518 603 3570 ν-ς.
760 3505 801 3553 11.
841 3503 924 3554 solssrr
947 3509 1016 3564 (om.
1035 3503 1126 3564 illesa)
1148 3521 1210 3574 ng.
1235 3535 1269 3546 -

97 3575 248 3628 naturalem
265 3588 320 3624 esse
338 3571 388 3622 R2.
404 3597 439 3609 -
455 3571 573 3621 soimsos
589 3568 680 3619 ossius
694 3585 747 3620 ssoss
766 3569 816 3620 ur.
851 3571 968 3621 animoso
986 3578 1016 3625 et
1034 3572 1125 3623 crima
1141 3571 1170 3625 S.
1206 3576 1268 3628 oni-

97 3660 149 3697 sss
165 3660 219 3695 sors
234 3641 350 3694 osissss
366 3637 400 3689 (i.
421 3665 458 3679 -
477 3638 528 3690 ills
544 3637 664 3689 cretoso
680 3637 723 3688 ois
745 3635 778 3687 F.
817 3637 936 3690 orelsonc
953 3639 993 3692 ois
1009 3639 1060 3692 illo
1082 3638 1117 3692 G.

97 3840 225 3909 ‚,bsous,
244 3855 327 3907 qoem
347 3841 447 3891 aneson
462 3838 588 3902 spectat,
608 3851 658 3887 ex·
742 3839 784 3888 1⁰.
820 3836 927 3889 opimae
947 3837 994 3890 diss
1016 3839 1087 3891 eires
1108 3856 1203 3910 eorpus
1223 3878 1268 3897 ...

97 3918 142 3963 tat
157 3908 264 3961 Plrsod.
282 3907 357 3960 Soet.
373 3910 391 3956 c
409 3903 446 3972 [p.
462 3903 547 3972 ss].“
570 3903 657 3954 Zsurs.
704 3905 902 4023 percoquatur]
928 3904 1008 3957 conr.
1026 3906 1107 3958 Serv.
1131 3908 1166 3959 sd
1189 3909 1267 3976 l'irg.

131 3997 158 4045 9,
190 3987 406 4062 mmm]
428 3985 657 4053 1d0m002q1104
707 3972 775 4024 Aen.
809 3971 839 4034 V,
855 3976 914 4024 386.
936 3974 1032 4027 Dicunt
1045 3974 1147 4042 pbpsies'
1164 3975 1267 4028 biotlso·

98 4059 170 4115 ,lm
190 4067 251 4127 pm
273 4075 368 4126 mu,
393 4056 440 4109 vol
463 4063 525 4124 pm
546 4053 657 4107 anime,
706 4049 830 4092 solorius
848 4043 953 4122 sssisnos
968 4058 1022 4092 ssors
1038 4043 1121 4109 recipi
1135 4043 1267 4124 ‘'refigi-

99 4129 161 4182 νῆα,
179 4132 236 4180 not,
255 4127 290 4180 aa
308 4143 333 4178 ο,
354 4128 381 4188 1,
401 4124 455 4192 qq,
706 4123 767 4158 ssesrs
782 4124 871 4171 suum,
898 4123 950 4158 nsss
967 4115 1099 4175 cogentes
1117 4109 1266 4178 legstsmum

707 4182 810 4242 ternpus
820 4174 879 4238 soti
892 4175 1076 4242 compleverint
1090 4180 1154 4241 ote,
1167 4183 1194 4229 et
1203 4175 1266 4229 Sol·

132 4212 180 4263 too
195 4210 262 4278 ipso,
277 4226 328 4280 quo
342 4208 396 4261 exit
410 4203 522 4287 retorto]
542 4204 659 4258 Videtur
706 4256 776 4293 m..
794 4242 829 4294 nd
849 4240 937 4292 sonu,
957 4258 984 4307 P·
1002 4245 1064 4294 737·

99 4294 163 4330 esse
180 4277 255 4328 idern
271 4293 304 4328 ne
321 4277 372 4328 boc
387 4276 446 4342 ipso
462 4282 573 4338 retrone,
589 4290 658 4341 quo:
876 4327 879 4333 ¹

99 4344 156 4396 nisi
171 4345 245 4396 torto
257 4343 348 4396 msris
361 4340 516 4408 respiciens
529 4342 564 4393 sd
577 4349 657 4393 sats·
740 4343 781 4391 11.
821 4355 987 4391 numerorum
1013 4347 1111 4392 eerlmn
1137 4344 1266 4397 constitu-

100 4411 204 4463 esdsss
221 4418 298 4474 asts,
329 4408 511 4476 interpretsri
532 4409 581 4462 boe
598 4409 656 4478 ipss
705 4413 812 4474 umque
825 4407 964 4474 reticerem]
982 4404 1025 4458 Gi.
1041 4424 1066 4461 c.
1080 4412 1107 4476 6,
1123 4408 1137 4476 l
1153 4413 1189 4462 os
1204 4428 1263 4480 sqq.

99 4478 226 4547 temporis
240 4486 383 4542 nonesto,
401 4493 452 4545 qao
467 4483 520 4530 stc.
706 4481 736 4527 st
753 4474 766 4540 t
782 4476 826 4528 82.
