2950 4992
225 160 290 231 252
708 157 917 228 Macaolffl

228 329 323 417 exigit
348 328 566 415 paenultimam
595 327 734 415 longam,
773 329 844 396 ideo
865 329 898 395 in
924 328 1137 416 praesentibus
1180 332 1407 419 erispomenis,

228 416 260 482 in
282 414 475 565 qnifflllploc
495 412 613 563 evgpit,
646 415 744 563 {olym
762 413 1055 565 laciffltationem
1077 351 1227 567 sylladlaed
1260 427 1296 483 nt
1316 419 1406 484 dixi-

227 521 313 579 mus,
461 522 493 563 sn
634 520 766 563 ιονεν
813 523 826 564 ι
907 524 920 565 ι
957 522 1039 566 sco
1119 523 1151 565 τι
1224 518 1330 581 ι,στε
1361 528 1405 569 α-

199 586 348 668 ’ίνοῦμεν
367 547 582 669 στεφανοῦσί,
606 522 658 649 lht
677 522 883 670 inphardlonis
902 549 936 651 cl
954 522 1260 670 ἰομτεςένσπωμένων
1279 529 1403 655 inullis

226 670 311 737 addit
332 669 518 755 penultimae
546 672 585 747 Y,
623 676 660 733 ut
686 669 806 754 longam
827 692 864 735 ex
888 670 973 735 brevi
994 670 1099 743 iaciat,
1152 694 1250 755 χομεν
1272 670 1402 756 ἔχουσι,

225 751 392 838 πέμπομεν
409 750 583 836 πέμπουσι,
603 748 784 839 λαλήσομεν
804 750 999 839 masseca:
1031 758 1059 819 0
1079 755 1162 821 enirn
1187 758 1290 836 litera,
1320 782 1401 825 curn

225 840 306 925 apud
325 840 394 905 illos
413 838 594 903 naturaliter
613 839 793 925 corripitur,
817 840 934 905 adiecta
960 844 990 904 Y
1004 840 1199 925 producitur,
1223 851 1260 908 nt
1282 843 1314 908 in
1336 867 1401 910 no-

225 925 360 991 minibus
380 919 462 1008 κόρη
479 920 587 1021 κόρος,
607 919 711 1009 κούρη
730 919 859 1029 μούρος,
875 920 1040 1028 ’ἱΟλυμττος
1063 920 1256 1033 ΟίίΙλομττος,Ι
1268 929 1399 995 eadem-

194 1017 437 1178 eththa?
456 1010 1012 1181 tltlhttdttlh‘h
1027 1032 1206 1182 tttttlt
1222 1034 1396 1165 iiiiii&

223 1180 332 1245 tertiae
358 1198 506 1263 personae
528 1199 594 1243 esse
616 1179 781 1265 pronuntia
806 1188 935 1265 excepto
957 1178 1041 1261 ἐσσί,
1071 1182 1154 1267 qnod
1176 1183 1290 1263 solnm,
1317 1207 1394 1251 cnm

224 1264 267 1329 sic
294 1263 421 1340 desinit,
461 1263 612 1329 secundae
644 1272 691 1329 est
722 1265 809 1330 cuius
835 1265 933 1349 prima
961 1264 1035 1349 ἐσμλ
1066 1274 1098 1331 et
1132 1266 1258 1353 pluralis
1288 1271 1395 1355 prima

193 1344 329 1431 9ἐσμέν.
374 1346 488 1414 Omnia
509 1356 612 1414 autem
637 1348 730 1415 verba
752 1348 784 1415 in
806 1351 871 1413 MI
886 1358 1008 1416 mutem
1030 1354 1095 1415 MI
1110 1351 1142 1416 in
1165 1356 1264 1435 cippo
1288 1364 1323 1419 et
1346 1356 1394 1421 fa-

172 1434 330 1519 [saepiunt
350 1433 514 1499 secundam
537 1454 715 1518 personam,
736 1432 821 1519 φημὶ
841 1431 921 1519 φὴς,
940 1435 1054 1518 τίθημι
1072 1434 1184 1519 τίθημ’
1210 1437 1254 1502 sic
1273 1438 1394 1506 dehue-

221 1528 270 1585 rat
292 1516 365 1601 ἐσμὶ
391 1516 460 1596 loo,
502 1518 555 1583 sed
577 1518 649 1604 quia
672 1518 756 1584 nulla
775 1519 890 1605 syllaba
909 1520 941 1585 in
966 1520 1123 1606 geminum
1146 1525 1246 1604 σῖγμα
1264 1523 1393 1605 desinit,

222 1604 359 1671 additum
382 1612 429 1669 est
450 1604 544 1683 leisc,
573 1600 651 1668 ἐσσί.
694 1604 737 1669 Et
756 1612 882 1753 propter
902 1604 1104 1670 differentiam
1125 1626 1143 1670 a
1169 1609 1303 1673 secunda
1323 1610 1392 1675 sin-

222 1690 320 1777 gulari
361 1690 465 1767 tertia,
524 1709 582 1755 nae
624 1687 766 1754 similiter
821 1688 875 1753 σσί
912 1690 1061 1756 debuerat
1098 1690 1180 1767 lieri,
1218 1696 1389 1779 assumpsit

221 1776 297 1853 τοῦ,
332 1772 407 1839 ἐστὶ.
451 1710 553 1839 Velha
580 1775 662 1839 enim
689 1773 721 1839 in
749 1776 815 1838 MI
834 1776 997 1841 terminata
1026 1775 1147 1841 tertiam
1175 1776 1208 1839 in
1237 1780 1295 1842 ΣΙ
1315 1780 1391 1845 mit-

173 1858 300 1937 10tunt,
323 1859 438 1923 dicimos
457 1858 571 1942 ἵστησι.
615 1858 718 1925 Omne
739 1856 960 1944 stupescenda
977 1861 1159 1926 naturaliter
1179 1860 1212 1925 in
1238 1865 1308 1927 ΟΝ
1323 1872 1390 1930 ter-

221 1942 356 2007 minetur
377 1952 409 2008 et
430 1943 594 2009 secundam
615 1964 779 2047 personam
802 1947 842 2008 N
856 1945 888 2010 in
910 1950 1009 2028 σίγμα
1029 1945 1178 2011 mutando
1198 1954 1230 2011 et
1252 1950 1279 2012 0
1300 1949 1333 2013 in
1356 1955 1392 2014 E

219 2026 431 2092 transferendo
453 2028 579 2112 figurat,
603 2024 713 2110 ἐλεγον
734 2025 851 2111 ἔλεγες,
871 2027 991 2116 ἔφερον
1009 2028 1137 2115 ἔφερες;
1163 2032 1254 2097 tertia
1275 2033 1315 2099 de
1337 2057 1390 2101 se·

171 2112 207 2176 ll
220 2111 318 2177 cunda
344 2112 470 2179 ultimae
498 2112 604 2176 literae
632 2112 820 2179 detractione
849 2116 995 2199 procedit
1037 2116 1097 2181 Sed
1129 2116 1212 2221 quod
1245 2119 1390 2205 perispo·

219 2218 308 2263 mena
328 2198 359 2261 in
385 2197 483 2262 onN
497 2196 545 2263 vel
568 2196 599 2261 in
623 2198 699 2261 ίέΝ
714 2197 875 2274 desinunt,
913 2197 1052 2265 ἐκάλουν
1073 2199 1232 2286 ἐχονσοον
1253 2200 1388 2287 ἐτίμων,

217 2283 347 2349 duarum
364 2282 548 2368 syllabarum
566 2281 598 2347 in
619 2301 712 2348 unam
733 2283 901 2349 contractio
921 2284 1002 2350 lecit
1042 2286 1122 2353 Nam
1141 2286 1293 2370 integrum
1315 2301 1388 2357 erat

218 2364 350 2433 ἐκάλεον
371 2362 528 2451 ἐχρύσοον
546 2364 693 2449 ἐτίμαον,
715 2389 753 2433 er
775 2390 852 2455 quo,
873 2390 943 2435 cum
964 2371 1071 2436 breves
1095 2372 1172 2436 duae
1190 2372 1387 2439 contrahun-

217 2460 279 2533 tur,
301 2454 333 2519 in
354 2474 448 2519 unam
473 2453 594 2538 longam
616 2453 799 2519 coalescunt
841 2455 915 2519 ldeo
936 2459 970 2521 Ε
985 2463 1018 2520 et
1043 2458 1071 2519 Ο
1092 2457 1127 2522 *a
1163 2475 1201 2519 ue
1223 2457 1251 2518 0
1273 2464 1306 2521 et
1329 2460 1386 2521 0*

217 2538 249 2603 in
274 2540 337 2602 OT
351 2538 530 2605 familiarem
554 2537 611 2603 sihi
637 2538 864 2623 diphthongum
889 2549 1115 2618 convenerunt,
1166 2536 1281 2605 κάλεον
1308 2539 1385 2607 ἐκοί-

216 2626 314 2702 λουν,
336 2619 493 2709 ἐχρύσοον
514 2618 690 2709 ἐχρύσουνε
716 2627 749 2687 Α
769 2644 841 2689 vcro
862 2630 895 2689 et
920 2624 1000 2690 Oin
1025 2628 1074 2705 Ω,
1098 2624 1229 2707 ἐτίμαον
1251 2624 1382 2709 ἐτίμων.

169 2707 289 2773 l-hldeo
309 2714 341 2773 et
361 2709 492 2774 secunda
515 2729 645 2793 persona
668 2710 703 2773 Ω
722 2707 755 2772 in
774 2711 823 2787 A,
857 2708 940 2774 unde
967 2709 1066 2776 iuerat
1090 2717 1213 2787 natum,
1251 2712 1382 2791 reducit,

217 2790 335 2875 ἐτίμων
357 2790 482 2877 talpas:
514 2794 577 2856 OT
591 2803 694 2860 autem
716 2792 941 2881 diphthongum
964 2795 1026 2861 illic
1048 2803 1149 2863 serrat
1162 2794 1222 2861 'uhi
1243 2797 1381 2884 repperit

281 2959 336 3014 Ms.
352 2961 400 3025 Ρ.]

213 3049 240 3097 7.
274 3040 438 3113 λαλήσομεν
458 3039 617 3112 λαλήσονσι
639 3044 742 3117 scripsi
767 3063 783 3099 o
806 3047 879 3100 corsi.
912 3047 956 3101 Cf.
978 3048 992 3114 h
1014 3050 1039 3100 4.
1089 3040 1255 3115 dtlsioopsv
1283 3040 1379 3114 ἀλλή-

214 3124 292 3162 σονσι
310 3114 412 3163 llddl'.
446 3114 536 3177 „lloe,
554 3114 717 3178 quantulum
734 3132 786 3167 nos
802 3116 915 3181 qnidam
933 3116 1048 3178 scimus,
1065 3117 1180 3166 verbnm
1198 3122 1243 3167 est
1259 3116 1378 3167 nnllam.

212 3178 306 3245 Igitur
334 3179 483 3247 legendnm
509 3186 637 3247 putamus
664 3174 810 3249 ἆλήσομεν
834 3183 855 3236 i.
878 3200 903 3235 e.
928 3183 1081 3237 molemus·“
1111 3180 1199 3233 Zeno.
1349 3188 1378 3232 8.

212 3248 306 3298 tertiae
319 3264 447 3316 peronae
469 3248 617 3316 pluralis
638 3248 739 3301 EddP.
776 3249 837 3301 l'id.
862 3256 921 3303 not.
1069 3255 1095 3302 9.
1130 3251 1211 3302 tertio
1226 3250 1377 3317 pluralis

212 3312 315 3368 Eddl’.
337 3344 373 3354 —
393 3317 548 3370 assumsits
569 3315 636 3366 Edd.
657 3343 689 3355 -
708 3310 788 3369 ἐσσίτ
804 3318 908 3370 Eddl'·
928 3344 961 3357 -
981 3318 1087 3369 tertiora
1102 3318 1257 3385 pluralis
1271 3318 1378 3367 Eant‘.

316 3386 357 3436 11.
392 3377 528 3453 ἐχρίσεον
544 3383 648 3437 Eddl'.
672 3412 706 3425 ·-
727 3383 827 3453 *atque
844 3385 870 3439 Ο
887 3392 912 3440 τί
931 3384 1166 3437 O*orn.1ldd.P.
1190 3412 1218 3422 -
1240 3377 1378 3450 ἐχρίσεον

246 3557 272 3604 8.
305 3554 400 3607 tertiae
423 3572 552 3624 personae
575 3572 630 3607 esse
650 3571 768 3623 pronun·
816 3554 902 3608 homo
923 3560 1041 3622 utroque
1061 3554 1124 3605 loeo
1146 3552 1291 3605 addidisse
1312 3554 1377 3621 ple-

211 3618 262 3685 sta]
291 3621 371 3685 Quod
398 3622 504 3689 legitur
531 3624 559 3675 in
585 3622 655 3674 Edd.
684 3628 713 3673 st
733 3622 766 3687 Ρ,
816 3625 896 3687 ralis,
929 3625 1009 3675 nulla
1029 3621 1139 3673 ratione
1160 3620 1257 3672 hahita
1279 3636 1377 3671 cxc--

210 3687 304 3739 tertiae
320 3704 449 3756 personae
465 3691 622 3757 ploratis,
653 3688 768 3741 idiensi
817 3690 926 3756 plorum
962 3688 1070 3753 δίδωσι,
1103 3686 1201 3755 ἵστησι.
1235 3690 1314 3755 Quae
1348 3688 1377 3740 si

209 3753 313 3874 ild'll
330 3756 646 3889 (l'll'laiilidll,
662 3764 768 3889 ‘stit‘
816 3773 872 3877 λλ
888 3754 1377 3889 :tata'‘tltlr‘tt'tlrltt

211 3888 274 3940 dem
300 3891 457 3957 putaverim
477 3890 649 3942 Macrohinm
676 3890 768 3957 scrip·
816 3842 978 3944 serdlsretu'r
994 3859 1064 3941 illdd
1080 3890 1209 3958 pluralis,
1227 3890 1301 3955 qnod
1319 3889 1377 3942 hoc

209 3956 282 4007 aisse
307 3960 401 4011 tertiae
423 3974 565 4027 personne,
600 3965 628 4009 et
656 3956 768 4009 intelle·
815 3960 878 4011 loeo
904 3976 957 4010 non
983 3957 1038 4008 nisi
1064 3956 1182 4009 mutatis
1210 3957 1305 4009 verbis
1329 3976 1377 4010 cs·-

209 4023 285 4075 xissc
304 4032 331 4078 et
348 4026 502 4095 singularis
525 4032 553 4077 et
572 4024 693 4091 pluralis
715 4042 767 4077 nn·
814 4034 887 4095 cepto
903 4020 962 4079 ἐσσὶ
978 4023 1048 4076 ferri
1066 4041 1150 4092 posss
1167 4022 1253 4076 facile
1272 4031 1362 4091 patet

209 4092 281 4143 meri
297 4092 409 4146 tertiam
429 4108 589 4161 personam,
621 4100 767 4159 excerpto·
851 4098 891 4145 1⁰.
930 4094 1011 4145 Omne
1027 4086 1226 4160 παρατατικὸν]
1249 4090 1292 4143 Cf.
1310 4108 1376 4159 sap.

210 4174 269 4209 rem
298 4167 391 4213 autern
424 4168 540 4229 propter
572 4159 767 4213 antecedentia
815 4178 839 4213 c.
857 4164 883 4211 5.

209 4226 353 4279 addidisse
374 4230 495 4296 pluralis.
530 4230 608 4281 lnlra
627 4234 718 4280 autern
737 4229 765 4293 (5
849 4232 891 4278 tl.
924 4220 1065 4292 ἐχρίσοον]
1083 4224 1131 4276 Sic
1148 4229 1178 4276 et
1192 4223 1247 4276 hoc
1265 4226 1328 4276 loco
1346 4230 1378 4277 et
1465 4249 1466 4264 ο

207 4295 247 4350 9.)
265 4292 377 4346 videtur
389 4297 549 4351 Macrobius
563 4297 642 4349 tertis
658 4301 765 4348 tanturn
815 4295 889 4347 inira
906 4311 970 4345 esse
990 4293 1167 4343 scribendum
1190 4300 1274 4359 atque
1298 4293 1377 4344 infra

210 4364 238 4405 et
253 4360 358 4411 tertiam
375 4362 539 4427 scripsisse,
558 4369 586 4414 et
603 4380 635 4413 ex
654 4370 766 4415 antoce-
814 4362 971 4414 addendam
991 4376 1054 4411 esse
1072 4367 1152 4427 atquc
1173 4357 1199 4411 Ο
1215 4361 1244 4413 iss
1263 4358 1302 4428 Ο,
1325 4377 1377 4411 ne·

210 4421 340 4475 dentibus
361 4438 467 4494 propter
487 4431 664 4497 differentium
687 4447 705 4481 c
724 4445 766 4479 se·
814 4445 868 4494 que
888 4443 1012 4479 errorem
1035 4426 1090 4492 ipsi
1116 4425 1262 4478 Macrohio
1286 4426 1377 4479 tribui

210 4488 298 4535 wuda
329 4492 465 4557 singulari
504 4495 679 4547 intellexisse
713 4511 765 4545 nn·
814 4512 896 4562 posse
911 4494 994 4546 docet
1010 4494 1040 4545 id
1058 4493 1130 4559 qnod
1147 4493 1303 4560 seqnitnrh
1321 4497 1376 4560 la,

209 4561 318 4601 merum
351 4556 540 4627 singularem,
578 4562 634 4613 iste
668 4566 764 4614 suss-
813 4562 935 4628 χρυσοῖς,
954 4560 1070 4629 etquod
1088 4560 1196 4629 legitur
1211 4578 1236 4615 e.
1253 4563 1281 4627 4,
1297 4561 1311 4627 h
1329 4564 1356 4614 3.
