2950 4992
258 156 395 225 COMM.
416 154 460 223 IN
481 153 609 222 SOMN.
630 153 729 222 scie.
772 157 847 222 LlB.
869 160 892 223 1.
936 159 1026 227 CAP.
1047 162 1131 228 XIV.
1236 161 1277 230 8³

109 351 179 397 rum
202 328 318 394 laecem
340 348 401 393 una
429 324 546 391 mutuis
573 346 606 390 se
628 324 758 391 vinculis
786 326 919 411 religans
945 337 977 394 et
1003 351 1155 418 nusquam
1182 332 1277 400 inter·

109 421 201 500 rupta
222 413 358 478 conexio.
401 413 444 476 Et
466 412 541 475 baec
565 418 613 474 est
630 411 759 474 Homeri
780 419 885 475 eatena
905 433 1006 492 aurea,
1030 437 1121 514 quam
1142 420 1276 504 pendere

110 501 150 564 de
172 499 255 564 caelo
277 499 308 563 in
329 506 426 563 terras
452 496 544 560 deum
568 495 692 559 iussisse
715 505 946 560 commemorat.
1008 501 1064 564 His
1089 523 1162 586 ergo
1189 505 1277 570 dictis
1290 503 1328 570 16

110 585 210 650 solum
229 583 385 648 bominem
404 589 525 646 constat
547 601 585 642 ex
601 581 733 644 terrenis
751 581 895 646 omnibus
915 581 1036 659 mentis,
1055 584 1085 648 id
1106 595 1154 651 est
1173 589 1277 665 animi,

112 669 287 735 societatem
315 688 386 732 cum
415 664 501 729 caelo
528 673 560 728 et
587 664 738 729 sideribus
767 665 881 736 babere
910 687 1114 732 communem.
1155 671 1198 734 Et
1219 672 1278 737 hoe

110 754 260 839 estquod
283 753 338 818 ait:
364 751 468 836 iisqne
489 750 608 813 animan
632 751 719 814 dctus
740 761 782 815 est
802 773 841 816 ee
864 751 924 816 iilis
943 754 1128 840 sempiternis
1149 755 1278 903 iqnibns,

109 862 184 927 quoe
201 841 305 904 sidero
326 848 353 901 et
372 836 468 898 stelias
488 835 607 899 eremis.
650 836 714 900 Nec
741 843 844 900 tamen
873 858 911 900 ex
937 835 1011 923 ipsis
1038 839 1220 903 caelestius
1248 841 1329 905 etl'l

109 923 306 1010 sempiternis
326 920 449 1004 ignibus
470 939 526 983 nos
548 919 792 984 dicitauimatos
821 922 915 1006 (ignis
940 923 1022 986 enim
1046 922 1117 988 licet
1140 924 1279 990 divinum

107 1019 213 1075 tamen
234 1027 288 1071 cor
309 1026 347 1070 us
368 1011 430 1079 est,
459 1024 516 1068 nec
537 1023 575 1067 ex
596 1023 724 1087 corpore
747 1007 886 1089 quamvis
909 1007 1012 1072 divino
1033 1029 1193 1094 possemus
1215 1011 1280 1075 ani-

109 1095 219 1170 mari),
247 1027 309 1154 sed
323 1089 405 1154 unde
426 1089 491 1174 ipsa
517 1088 567 1151 illa
596 1107 725 1171 corpora
755 1109 834 1173 quae
856 1089 958 1154 diuina
980 1099 1011 1156 et
1032 1101 1105 1158 sunt
1126 1102 1157 1159 ct
1176 1095 1280 1161 riden-

109 1189 163 1244 tur
186 1176 319 1240 animata
347 1181 434 1250 sunt,
470 1173 569 1237 idest
597 1194 635 1237 ex
661 1193 697 1236 ea
725 1173 899 1238 mundanae
926 1175 1046 1239 animae
1074 1187 1160 1262 parte
1188 1201 1279 1266 quam

111 1262 246 1327 diximus
266 1259 304 1323 de
324 1278 400 1344 pura
421 1266 524 1322 mente
544 1265 692 1322 constare.
735 1259 778 1322 Et
798 1258 884 1335 ideo,
906 1267 1068 1344 postquam
1094 1261 1186 1326 dixit:
1220 1261 1332 1330 tis-18

112 1369 171 1433 que
192 1346 311 1409 enimes
332 1345 419 1407 dotas
442 1355 482 1407 est
510 1366 549 1407 ea>
570 1345 630 1407 siles
651 1344 837 1428 emptionis
858 1345 993 1428 ipnibns,
1027 1366 1103 1432 qnae
1128 1344 1230 1412 sidera
1256 1361 1284 1414 et

113 1431 212 1495 stelias
230 1431 349 1505 coemes,
371 1449 443 1492 mox
460 1428 585 1492 adiecit:
606 1449 682 1514 qnae
701 1429 814 1492 diurnis
834 1431 983 1493 animatae
1000 1429 1152 1508 mentibus,
1173 1439 1209 1496 ut
1229 1453 1283 1517 per

115 1515 317 1598 sempiternos
340 1514 425 1597 ignes
447 1534 559 1598 corpus
579 1513 753 1588 stellarum,
784 1533 839 1598 per
863 1513 980 1578 divinas
1001 1534 1074 1579 vero
1094 1522 1214 1580 mentes
1234 1537 1284 1582 ea·
1370 1593 1372 1598 ,

113 1621 182 1664 rum
213 1599 329 1664 animas
352 1598 512 1663 manifesta
537 1597 720 1662 discretione
746 1597 895 1682 significet
916 1605 1006 1663 etex
1028 1598 1140 1664 illisin
1164 1610 1284 1666 nostres

113 1685 219 1752 venire
240 1685 357 1748 animas
381 1682 442 1749 vim
465 1683 577 1746 mentis
601 1681 751 1746 ostendat.
800 1683 869 1748 Non
893 1682 931 1747 ab
951 1704 985 1747 ra
1007 1691 1067 1760 est,
1095 1690 1131 1749 ut
1150 1683 1225 1749 base
1245 1686 1283 1751 de
1296 1684 1335 1748 19

113 1770 215 1833 anima
238 1767 405 1852 disputatio
428 1767 458 1830 in
480 1767 541 1830 tine
562 1767 730 1830 sententias
749 1767 888 1831 omnium
915 1767 969 1852 qui
994 1767 1032 1832 de
1054 1767 1155 1833 anima
1178 1769 1335 1846 viden-[ra]

115 1863 168 1918 tur
193 1853 408 1939 pronuntiasse
436 1851 600 1915 contineat.
649 1851 775 1914 Platon·
789 1851 867 1916 dixit
897 1852 1030 1916 animam
1059 1853 1223 1931 essentiam
1251 1876 1284 1921 se

116 1946 308 2013 moventem,
328 1937 520 2000 Xenocrates
540 1956 704 2000 numerum
727 1957 760 1999 se
783 1943 974 2014 moventem,
996 1937 1179 2004 Aristoteles
1201 1935 1285 2004 lvre-

114 2021 259 2106 λέχειαν,
286 2020 476 2107 Pythagoras
498 2029 530 2085 et
551 2020 710 2085 Philolaus
732 2019 939 2098 harmoniam,
968 2021 1153 2088 Posidonius
1175 2022 1285 2102 ideam,

116 2107 313 2193 Asclepiades
335 2106 473 2192 quinque
498 2126 644 2170 sensuum
666 2106 845 2171 exercitium
869 2106 927 2196 sibi
950 2125 1135 2181 consonum,
1167 2107 1207 2172 Hi
1231 2131 1285 2195 po·

116 2201 215 2258 crates
242 2192 384 2277 spiritum
414 2200 538 2256 tenuem
567 2211 622 2276 per
642 2211 753 2274 eorpus
774 2211 866 2256 omne
885 2191 1073 2275 dispersum,
1106 2131 1285 2258 Heraclides

116 2279 264 2346 Ponticus
286 2277 400 2356 lucem,
423 2276 597 2342 Heraclitus
619 2275 763 2361 physicus
785 2274 949 2340 scintillam
972 2274 1103 2340 stellaris
1125 2275 1285 2355 essentiae,

910 2425 996 2486 [Edd.
1019 2423 1221 2492 ricabgspdzb.

116 2518 152 2573 H.
187 2515 367 2569 intuentibus
391 2511 444 2562 Hl.
467 2539 503 2548 —
522 2527 579 2562 nno
595 2527 623 2562 se
642 2510 740 2562 motois
762 2524 824 2574 v-g.
849 2535 883 2544 -
905 2515 930 2559 et
947 2507 1011 2558 boec
1029 2509 1098 2572 (om.
1114 2508 1167 2571 est)
1187 2507 1238 2561 ur.
1257 2539 1290 2548 -—

222 2587 265 2633 16.
299 2581 423 2631 societate
437 2577 522 2627 enimi
543 2578 595 2627 Bi.
749 2577 790 2623 11.
826 2590 858 2624 es
875 2575 1037 2641 sempiternis
1060 2579 1127 2634 (om.
1146 2577 1211 2646 ipsis
1228 2593 1290 2630 coe.

119 2652 228 2702 testibus
244 2653 283 2706 et)
300 2647 371 2696 Bes.
394 2673 429 2682 -
449 2644 523 2710 ignis
541 2644 611 2694 enine
628 2643 639 2692 i
644 2642 669 2692 li
675 2658 689 2692 e
713 2639 879 2690 narseum.
900 2669 934 2678 -
955 2641 1005 2692 illo
1022 2641 1082 2708 ipsa
1100 2639 1150 2692 111.
1173 2671 1208 2681 -
1228 2647 1290 2694 oni-

119 2726 194 2769 snntn
217 2722 276 2775 (om
309 2716 384 2769 sunt)
407 2710 478 2759 Brun.
502 2737 537 2746 -
564 2708 689 2773 dirimas]
714 2708 749 2758 ct.
774 2705 803 2772 §5
825 2711 851 2757 1.
878 2710 904 2757 Β.
1027 2756 1029 2760 ,
1059 2711 1099 2759 18.
1135 2709 1291 2764 (timum

119 2781 332 2835 mainerium
364 2777 439 2841 „dno
465 2791 547 2826 mesu
574 2777 702 2827 exeruti‘·
725 2775 799 2825 Mod.
829 2771 860 2824 N.
887 2773 917 2824 u.
946 2790 973 2839 p.
996 2775 1053 2824 182.
1107 2776 1290 2838 „Pr-aeterum

120 2850 194 2918 qnod
214 2855 276 2899 erat
293 2846 321 2896 in
338 2843 510 2894 membranis
528 2843 677 2893 Modiauis.
713 2840 808 2892 luuuit
826 2840 900 2891 enim
920 2842 1097 2894 discretionem
1115 2843 1175 2896 sive
1192 2845 1293 2898 discri-

122 2934 185 2968 men
203 2931 266 2966 esse
284 2913 358 2963 inter
373 2912 543 2977 sempiternos
557 2911 634 2978 ignes
648 2915 676 2961 el
693 2910 800 2961 divinas
815 2909 943 2959 mentes.“
961 2907 1046 2959 Pone.
1082 2907 1217 2974 „Nullum
1233 2914 1293 2965 vidi

122 2985 258 3043 codicem,
278 2981 305 3031 in
324 2995 379 3044 quo
397 2995 451 3028 non
470 2979 507 3030 sit
524 2980 686 3039 discretione,
706 2978 779 3042 quod
800 2976 911 3026 omuino
930 2975 1083 3041 requiritur
1102 2983 1130 3028 et
1148 2977 1211 3030 iden
1228 2997 1293 3032 cou-

122 3058 229 3102 tentum
253 3047 390 3098 mutavi‘·
412 3046 496 3096 Genu.
532 3044 635 3097 Contra
659 3043 765 3094 Zeunio
788 3043 961 3112 descriptione
984 3043 1080 3110 utique
1102 3043 1214 3098 videtur·
1231 3064 1294 3098 ver·

123 3121 189 3169 lium
214 3115 381 3182 exquisitius
405 3119 434 3162 ot
458 3112 499 3163 noi
522 3112 632 3178 nptias,
662 3113 697 3162 de
717 3109 796 3162 euius
816 3126 867 3160 usu
887 3109 1009 3160 coniers-l
1028 3110 1107 3162 iubet
1124 3111 1189 3165 Ern.
1213 3113 1293 3167 clav,

124 3187 182 3237 Cic.
217 3185 252 3235 At
269 3184 304 3234 el.
322 3182 358 3239 ll,
380 3184 420 3241 11,
438 3183 463 3229 6.
500 3181 607 3230 deseri
636 3177 1157 3244 tiones-pb.-etatesiliislinn

125 3259 165 3304 19.
206 3253 300 3304 Platon
321 3247 563 3310 Fstsrau‚,bts.“
623 3244 873 3305 lctoEddetu„
893 3251 923 3295 ut
942 3243 1011 3294 alibi
1033 3245 1069 3306 (1,
1090 3249 1131 3309 19,
1151 3245 1164 3312 i
1185 3251 1197 3296 1
1218 3251 1294 3308 ct23

122 3327 172 3381 2⁰,
195 3319 208 3386 ᾗ
230 3323 252 3369 l.
270 3321 338 3375 ete.)
361 3316 438 3365 codd.
457 3316 562 3365 ornnes.
584 3343 619 3352 -
637 3314 777 3364 essentiam
796 3327 910 3362 essese
934 3311 984 3360 Hi.
1025 3327 1094 3368 esse
1111 3315 1249 3366 essentiam
1267 3332 1295 3365 sn

125 3389 246 3439 11η-
264 3384 434 3436 entelechiam
453 3388 527 3447 (sup.
544 3382 642 3439 endei.)
662 3381 712 3430 112.
748 3378 925 3429 entelicisiuru
949 3377 977 3426 P.
988 3406 1023 3414 —
1038 3378 1183 3446 philolaus
1201 3379 1294 3430 111...

123 3455 278 3524 posidonius
295 3453 343 3500 112.
382 3449 568 3502 Poseidonias
583 3449 653 3498 Hild.
672 3455 701 3496 et
721 3446 788 3496 bles.
808 3444 920 3510 reliqui.
940 3473 973 3481 —
997 3445 1148 3509 dissessum
1166 3443 1237 3500 Bsn.
1260 3455 1317 3485 -·

126 3523 280 3574 Heraclides
298 3519 422 3570 Ponticas
441 3518 458 3566 b
475 3531 509 3567 ox
525 3515 684 3566 coniectura
696 3512 806 3572 Zeusrii,
824 3510 871 3576 qui
890 3510 959 3561 baec
976 3511 1132 3564 adnotavit:
1151 3512 1296 3578 „Emensis

126 3589 282 3641 Heraclides
304 3587 434 3637 Ponticos.
471 3583 540 3634 Nam
563 3583 603 3634 itn
623 3581 727 3648 passim
743 3579 913 3632 scissione
937 3583 965 3630 et
983 3579 1017 3633 ub
1035 3578 1102 3630 ullis
1120 3595 1230 3647 semper
1247 3598 1297 3635 vo-

162 3727 203 3773 le.
243 3719 388 3771 sententias
422 3717 538 3768 omniurn
575 3715 622 3782 qui
653 3715 686 3764 de
736 3710 900 3762 Macrobius
929 3709 1038 3775 proteri
1060 3711 1094 3762 de
1119 3707 1298 3779 Empedocle,

127 3793 219 3841 anino
237 3789 361 3838 sidentur
377 3783 573 3852 pronuntiasse]
595 3780 688 3847 „Con-
738 3781 773 3829 de
799 3778 970 3840 Xenocrate,
1000 3779 1034 3830 de
1061 3777 1234 3848 Democrito,
1265 3781 1299 3831 do

127 3859 172 3908 ier
190 3856 249 3906 (lic.
267 3854 385 3904 Tnscul.
403 3853 519 3917 eruest.
543 3851 570 3912 1,
595 3853 687 3914 Pseq.
737 3845 907 3908 Aristotele}
935 3845 968 3896 tle
986 3846 1104 3896 Platone
1123 3847 1215 3912 magis
1234 3861 1301 3897 eorr-

127 3925 160 3975 lt.
174 3920 341 3974 dellisinut.
355 3919 391 3980 11,
405 3921 465 3969 15.“
485 3919 571 3968 Znun.
606 3916 689 3965 Hunc
741 3920 846 3980 gruunt
865 3929 927 3962 curn
946 3916 1040 3965 nostro
1059 3913 1121 3964 loeo
1141 3929 1211 3982 queo
1231 3911 1301 3964 dielt

128 3993 250 4042 alterum
280 3990 371 4038 locum
394 4003 460 4035 eum
491 3985 593 4035 citaret
618 3983 690 4032 Zeu·
741 3981 840 4030 Cicero
858 3981 963 4032 denut.
984 3981 1060 4030 deor.
1078 3979 1119 4040 11,
1145 3983 1190 4042 12,
1210 3983 1253 4029 32.
1273 3986 1301 4030 ei
1346 4041 1351 4049 ,

128 4059 206 4122 nius,
240 4057 353 4108 ridetur
371 4053 530 4118 respexisse
552 4051 586 4101 nd
605 4052 691 4100 verba
742 4049 777 4098 de
790 4049 905 4112 senil,
917 4051 966 4108 783
986 4045 1104 4110 denique
1115 4045 1227 4096 Cicero:
1250 4045 1302 4097 Ze-

128 4125 157 4192 [§
175 4127 242 4191 35.]:
271 4124 357 4174 Pudet
376 4135 416 4171 sne
501 4115 691 4184 Chrysippi,
743 4116 808 4165 nessi
822 4115 918 4174 Stoico,
937 4113 1037 4177 lnquit,
1051 4114 1155 4164 enimus
1172 4113 1245 4192 ignis
1258 4113 1302 4163 vi-

132 4192 322 4257 Antiputri‚
356 4187 544 4248 Posidonii,
576 4185 623 4251 qni
744 4183 834 4239 detur,
858 4195 940 4244 quam
961 4178 1128 4230 sententium
1150 4179 1303 4246 llspporclso

131 4259 224 4310 dieunt
317 4257 354 4309 nd
381 4256 494 4306 bostiam
522 4251 693 4320 deligendam
745 4246 846 4299 tribuit
877 4245 1046 4301 Macrobius.
1085 4245 1238 4296 Praeterea
1269 4247 1304 4298 do

135 4323 226 4375 ducens
254 4341 310 4375 esse
336 4324 402 4374 uim
430 4320 595 4387 qnondam
625 4334 693 4368 sen·
746 4311 887 4365 sententia
914 4311 1034 4365 Platonis
1059 4311 1156 4370 confer
1182 4311 1304 4365 Pbeedr.

133 4392 268 4443 tientesn
298 4399 396 4456 atque
430 4388 579 4439 diuinam
612 4398 695 4450 qnne
746 4377 1051 4446 p.245.‚daleg·x
1091 4382 1254 4432 wionis.
1278 4389 1306 4433 et

133 4463 209 4510 toto
226 4461 368 4521 confesso
385 4455 502 4506 mando
518 4455 578 4512 sit,-
607 4450 636 4501 ln
653 4451 695 4502 nl·
746 4443 946 4500 ecaterinae
965 4395 1037 4512 plac.
1056 4395 1128 4516 plut.
1147 4447 1194 4514 IV,
1212 4451 1252 4512 23
1271 4450 1306 4500 do

133 4532 196 4578 tero
219 4523 272 4576 illo
295 4523 394 4575 Cicero
420 4523 519 4576 sudem
542 4519 604 4572 iere
624 4529 695 4584 quse
747 4514 903 4568 Xenocratis
922 4511 1068 4568 Plutarch.
1096 4514 1130 4567 de
1153 4529 1197 4568 sn.
1215 4531 1308 4584 proci.
