2950 4992
253 147 391 219 GOMM.
415 148 460 218 IN
487 147 615 217 solut.
641 146 741 217 scu.
782 151 858 215 LlB.
879 151 903 216 1.
947 150 1037 220 CAP.
1061 153 1099 219 V.
1216 154 1259 221 {ti

87 320 151 387 alto
168 325 266 395 earet,
303 325 337 385 et
356 316 432 384 haee
450 316 594 404 planities
619 317 744 403 quantis
771 316 860 384 lineis
887 320 1082 395 eontinentur
1106 325 1257 409 expressi-

87 424 173 471 mus:
205 404 342 470 soliditas
359 412 464 469 autam
486 424 650 488 corporum
670 409 806 480 constal,
834 423 904 469 eum
926 404 974 470 his
994 406 1113 474 duabus
1134 404 1258 476 additur

87 490 233 563 altitudo;
272 488 308 555 lit
327 490 410 554 enim
436 488 537 553 tribus
563 487 808 553 dimensionibus
834 487 957 573 inpletis
982 511 1036 555 eor
1057 512 1094 557 us
1115 494 1258 573 solidum,

108 576 171 642 uod
193 569 324 657 στερεὰν
351 581 477 639 rooant:
516 573 617 656 qualis
643 579 690 637 est
719 579 851 647 tessera,
889 592 968 658 quae
998 576 1098 656 κύβος
1123 580 1258 645 roentnl.

85 597 119 727 gi
146 681 219 726 vero
250 681 313 725 non
342 659 436 724 unius
465 657 561 741 partis
589 657 643 722 sed
670 657 767 723 totius
795 657 870 722 velis
899 658 1036 741 eorporis
1066 663 1258 745 superficiem
1270 660 1311 725 10

85 745 235 830 eogitnre,
255 743 339 842 quod
358 762 567 839 proponamus
586 763 655 840 esse
675 741 875 827 quadratum,
893 749 931 807 ut
948 742 987 807 de
1004 762 1084 819 uno,
1103 746 1186 828 quod
1205 768 1259 845 ex3

85 828 692 1013 antemeridianae
706 827 1311 1009 sidit,

85 996 1262 1173 littlfftltt’1littetttlt'tltttttlttltntlltlttntf

88 1170 182 1237 nibus
204 1166 328 1252 inpletis
348 1187 460 1251 eorpus
483 1166 635 1243 solidum,
655 1164 741 1251 quod
760 1160 890 1248 στερεὸν
910 1174 1035 1245 vocant,
1056 1168 1095 1232 nd
1116 1168 1261 1234 imitatio·

89 1273 163 1319 nem
184 1260 334 1327 tesserae,
365 1272 444 1336 quae
464 1247 566 1333 κύβος
586 1259 722 1316 vocatur.
769 1250 819 1314 Er
846 1250 893 1314 his
915 1259 1042 1334 apparot
1068 1255 1260 1320 octonarium
1273 1256 1310 1319 ll

90 1357 257 1403 numerum
274 1336 406 1404 solidum
425 1356 537 1421 eorpus
557 1342 674 1400 stesso
693 1342 725 1399 et
744 1333 866 1408 haberi;
889 1334 1041 1420 siquidem
1060 1356 1159 1401 unum
1180 1338 1262 1422 apud

87 1431 260 1507 geometras
287 1421 394 1506 puncti
420 1420 522 1485 losum
551 1421 686 1505 optinet:
729 1419 793 1484 duo
825 1419 924 1485 lineae
956 1427 1105 1503 punctum
1138 1420 1263 1498 iaciunt,

88 1527 170 1593 quae
193 1506 315 1571 duobus
336 1506 467 1592 nunctis,
488 1513 638 1589 utsupra
659 1503 804 1578 diximus,
826 1510 1000 1569 coercetur:
1022 1512 1169 1595 quattuor
1190 1526 1263 1589 vero

89 1599 203 1677 puncta
225 1591 388 1657 adversum
411 1612 444 1655 se
468 1591 505 1655 in
522 1589 645 1654 duobus
672 1588 833 1653 ordinibus
860 1589 932 1653 bina
957 1610 1014 1673 per
1040 1589 1179 1654 ordinem
1208 1612 1263 1676 po·
1308 1666 1310 1669 ¹

88 1677 150 1743 site
169 1676 347 1761 exprimunt
373 1675 484 1760 quadri
505 1673 657 1759 speeiem,
698 1693 717 1736 a
738 1672 867 1757 singulis
894 1673 1016 1771 punctis
1043 1674 1076 1738 in
1102 1674 1265 1742 adversum

88 1770 241 1848 punctum
260 1761 356 1825 eiecta
378 1760 470 1824 linea.
517 1760 602 1824 llaec
624 1765 786 1843 quattuor,
818 1765 854 1824 ut
875 1758 1023 1836 diximus,
1058 1758 1211 1844 duplicata
1233 1768 1266 1826 el

89 1854 163 1911 oeto
185 1844 263 1909 laeta
285 1845 348 1909 duo
433 1844 488 1908 dra
509 1843 620 1907 similia
650 1842 843 1921 describunt,
882 1843 1045 1929 quaesibi
1071 1845 1266 1931 superposita

89 1929 258 2015 additaque
277 1929 368 1993 altitu
390 1928 440 1993 ine
459 1926 589 1992 sormam
610 1928 697 2004 cubi,
725 1928 810 2013 quod
832 1936 880 1992 est
900 1928 1031 1995 solidum
1052 1950 1178 2015 corpus,
1200 1931 1265 1997 effi·

89 2015 188 2081 oiunt
229 2015 280 2079 Ex
303 2013 350 2078 his
372 2020 514 2099 apparet,
544 2012 752 2099 antiquiorem
774 2033 841 2078 esse
863 2034 1026 2079 numerum
1049 2015 1212 2101 superfioie
1234 2017 1317 2082 otta

90 2099 199 2177 lineis,
227 2119 266 2164 en
287 2098 505 2185 quibus-illam
528 2107 669 2164 oonstare
691 2098 946 2177 memoravimus,
974 2098 1144 2186 formisque
1167 2101 1266 2167 omni·

91 2186 161 2251 bus.
203 2188 233 2249 A
254 2184 343 2249 lineis
362 2184 444 2248 enirn
471 2184 648 2250 ascenditur
668 2183 708 2247 ad
729 2204 908 2258 numerum,
944 2192 1102 2269 tamquam
1125 2185 1163 2248 nd
1184 2186 1266 2270 prio·

94 2290 178 2347 rem,
214 2276 250 2334 ul
276 2268 473 2354 intellegatur
499 2290 538 2334 ex
565 2268 694 2334 dirersis
723 2268 861 2334 numeris
888 2267 1057 2344 linearum,
1094 2288 1174 2353 quae
1206 2269 1267 2332 lor-

94 2375 164 2421 mao
191 2354 395 2441 geometricae
423 2352 645 2447 describentnu.
693 2353 797 2439 Ipsam
825 2372 899 2419 vero
920 2352 1116 2438 superlieiom
1138 2370 1209 2416 oum
1232 2351 1318 2417 li·13

897 2526 982 2587 [ΕΜ.
1000 2525 1203 2594 rieelngspdult.

93 2602 195 2671 lim.
229 2615 358 2683 cmviii
373 2614 407 2665 B.
442 2611 620 2681 epyphaniam
637 2610 690 2661 m.
711 2633 747 2647 ··-
769 2608 866 2675 quotis
883 2609 962 2661 lineis
979 2609 1015 2661 H.
1031 2636 1067 2651 ι-
1091 2618 1195 2663 emittet
1212 2626 1271 2664 eor·

90 2702 188 2753 porum
205 2684 256 2734 ΕΙ.
272 2708 306 2720 -
317 2683 354 2744 fit
370 2687 460 2731 autern
475 2682 552 2744 (sap.
571 2677 654 2739 enim)
676 2675 727 2725 Μ.
744 2702 778 2713 -
801 2674 965 2728 CTEPEon
980 2676 1012 2728 B.
1047 2683 1149 2732 stereon
1167 2679 1272 2732 usuro

94 2750 237 2816 ,‚ueripti“
256 2748 345 2798 (iron-
379 2753 467 2797 streete
485 2750 527 2797 vlt.
545 2770 577 2782 -
596 2745 643 2810 qui
661 2742 696 2794 G.
715 2770 749 2780 -
772 2736 858 2857 teigne
876 2741 928 2792 Hs.
962 2745 1038 2811 oyloe
1055 2746 1106 2798 Rss.
1141 2748 1220 2799 siloe
1236 2747 1270 2799 G.

93 2817 184 2869 eules
202 2813 378 2865 BPlleau.
395 2812 504 2875 ‚‚Mss.“
523 2811 609 2862 Gran.
644 2811 742 2861 eules
759 2807 803 2860 Fs
834 2808 991 2863 ritualia.
1143 2817 1184 2866 10.
1219 2832 1272 2866 non

94 2885 130 2936 in
147 2884 227 2938 areius
242 2881 276 2932 B.
310 2881 389 2933 uulua
406 2885 482 2945 (sup.
500 2878 562 2930 add.
579 2882 646 2937 κοκ)
664 2877 714 2927 R2.
732 2904 767 2913 -
788 2878 870 2929 totius
886 2879 1001 2945 corporis
1016 2879 1082 2936 velie
1102 2878 1135 2932 B.
1156 2909 1183 2919 -
1206 2899 1272 2950 pro-

94 2947 230 3021 ponimur
247 2946 400 3016 Beni-gu.
433 2962 574 3014 ponemus
590 2945 622 2996 Β.
638 2972 671 2982 -
687 2943 804 3063 eremfilo
819 2944 888 3009 quod
904 2946 1019 3013 sufficiet
1037 2945 1069 2997 F.
1104 2950 1174 3015 quod
1191 2951 1273 3015 eusfi.

95 3019 150 3077 eiet
166 3016 283 3083 exemplo
302 3016 353 3066 Ri.
389 3015 459 3080 quod
476 3012 592 3080 exemplo
610 3012 738 3077 sufficiat
783 3026 830 3063 nu.
851 3038 886 3053 ·-
910 3015 980 3080 quod
998 3022 1064 3067 tum
1082 3016 1273 3069 animadvertit

95 3101 161 3153 v-g.
182 3110 217 3121 -
239 3086 335 3149 siper
351 3078 518 3133 uuumFllss
535 3081 593 3141 [Ra
610 3096 670 3146 sup.
692 3084 794 3145 snper).
830 3078 872 3129 eie
913 3097 1042 3133 eranum
1060 3080 1131 3139 Stil,
1152 3111 1188 3122 —
1209 3100 1273 3134 eorr-

95 3152 199 3221 eipt'as
220 3150 334 3203 uenia.
353 3148 427 3200 otu.
462 3148 627 3213 „Planndes
644 3140 715 3196 κατὰ
737 3145 807 3197 νοῦν
828 3096 974 3215 λύβῖύιςέ(
997 3149 1084 3201 Gron.
1107 3149 1135 3201 in
1160 3166 1215 3217 mg.
1239 3178 1275 3191 -

96 3214 209 3286 στερεὸν
231 3218 297 3269 affl
318 3216 458 3283 „eeripti“
482 3217 569 3271 tiron.
610 3222 712 3266 stereon
732 3211 802 3265 Mes.
826 3220 854 3265 et
874 3212 944 3265 Edd.
969 3216 1033 3267 rell.
1054 3245 1090 3256 —
1112 3211 1197 3284 κύβος
1219 3217 1274 3269 Ha.

96 3284 174 3353 eyter
190 3286 240 3337 82
274 3286 352 3337 eidos
370 3283 404 3335 G.
439 3283 527 3335 eules
545 3281 592 3334 BP
612 3280 936 3346 ,npttmmmbrann‘
955 3282 1042 3334 Gron.
1076 3282 1275 3337 eulerFSRl

97 3354 243 3407 uanam.
260 3380 293 3390 -
335 3368 386 3403 nee
403 3358 512 3402 vocetur
531 3350 612 3401 eules
631 3346 664 3398 F.
818 3351 864 3401 ll..
892 3349 1060 3401 ortinerimn
1077 3348 1107 3400 F.
1126 3376 1160 3391 ·-
1183 3366 1277 3416 eorpus

99 3440 155 3475 me
174 3428 242 3482 (om,
259 3424 298 3480 et)
347 3422 358 3469 l
379 3446 411 3455 -
426 3425 554 3484 puuctum
571 3416 626 3467 loci
644 3412 699 3467 Hi·
718 3441 752 3450 -
774 3412 881 3467 ductum
899 3416 985 3466 lineae
1000 3416 1051 3467 Rl.
1068 3442 1103 3453 —
1121 3416 1172 3482 qni
1189 3415 1276 3483 riclrg

100 3491 135 3541 G.
153 3516 187 3529 -
206 3487 310 3541 duoles
323 3486 463 3550 faciunt
479 3485 586 3551 ponetis
603 3481 636 3536 B.
658 3509 687 3520 ·-
712 3488 743 3533 ut
759 3497 843 3548 repra
859 3480 985 3547 diximus]
1004 3482 1019 3547 β
1038 3486 1063 3534 l.
1084 3508 1113 3521 -
1136 3482 1277 3549 quadrati

101 3559 151 3608 82.
171 3583 205 3595 -
228 3572 296 3621 quae
313 3552 477 3619 superposita
496 3557 564 3612 [om.
585 3550 649 3608 sili)
672 3546 763 3608 FRG3
784 3548 834 3599 sili
851 3548 913 3601 add.
933 3564 950 3601 a
967 3565 1024 3603 see.
1042 3566 1078 3601 ru.
1099 3548 1152 3603 Bt.
1171 3577 1202 3587 -
1227 3550 1278 3605 ed-

100 3626 159 3677 dite
175 3629 245 3684 (om.
260 3625 323 3687 que]
341 3619 389 3673 Gla
406 3618 534 3685 „optime
549 3616 732 3669 membranu“
751 3614 838 3669 Gran.
873 3616 1032 3684 additoque
1050 3634 1104 3679 utu,
1122 3616 1159 3681 Ἐς
1177 3618 1240 3671 add.
1259 3611 1277 3671 d

101 3689 279 3744 seem-Ill.
314 3687 408 3739 idest
424 3687 521 3739 addita
540 3681 742 3750 uun-eyes·
764 3682 841 3733 ΕΜ.
878 3684 939 3735 eidi
958 3684 991 3737 B.
1145 3689 1188 3738 la
1223 3703 1278 3739 eree

101 3759 277 3827 antiquiorem
300 3755 351 3807 lta.
380 3782 409 3792 -
432 3754 508 3807 illem
531 3754 665 3806 adiectu
689 3749 873 3803 altitudine
895 3760 1015 3807 constare
1036 3750 1090 3807 Hl.
1113 3758 1149 3794 -'
1168 3754 1280 3823 diversio

74 3821 198 3878 'adda
217 3839 325 3876 neam,
343 3817 671 3889 lll.-geometrioeF·
706 3818 958 3885 geometrarum.
1110 3824 1151 3873 1³.
1190 3822 1280 3887 lpeem

102 3911 162 3947 vero
181 3886 520 3953 nursinum-„rema
536 3886 645 3954 ,,Μιι.“
665 3884 751 3939 (iren.
771 3901 854 3954 reug..
888 3887 975 3956 ipsene
994 3892 1063 3950 (om.
1083 3890 1158 3949 uun]
1179 3884 1279 3943 tis-bs.

135 4055 161 4104 9.
196 4049 306 4118 quentis
331 4044 419 4113 Retio]
445 4043 465 4097 i.
485 4059 511 4095 ο.
535 4046 605 4110 quot
629 4041 668 4095 li-
753 4047 796 4095 10.
830 4043 884 4095 ieet
905 4062 958 4095 non
983 4051 1122 4111 quattuor,
1156 4042 1203 4093 sed
1224 4046 1281 4095 nelo

106 4119 176 4180 neit,
192 4119 232 4170 ei.
251 4117 265 4183 β
285 4121 311 4167 8.
373 4175 382 4197 r
717 4110 816 4179 nergeli
832 4112 1006 4181 colliguntur]
1026 4112 1104 4161 Duae
1123 4124 1169 4159 res
1187 4108 1281 4159 diver·

107 4175 569 4305 ‚ttlttf'ttlttt’ttltl
584 4175 668 4306 dii
718 4177 1283 4313 :tul.l·„t⁰tl:¹¹¹glllt:²qllt‘lt

108 4318 140 4381 V,
156 4326 195 4379 1.]
213 4291 248 4374 dx
260 4291 390 4371 'Favonio
405 4312 528 4380 Eulogio
547 4332 574 4381 p.
592 4312 669 4364 xvu
719 4312 867 4364 thomatiei
885 4312 982 4362 dieunt
1002 4311 1124 4391 Winkele
1156 4319 1212 4364 oeto
1231 4328 1283 4363 ea·

113 4383 150 4448 [r.
165 4392 215 4439 406
232 4386 290 4453 0r.]
309 4378 395 4450 utilior
411 4382 517 4443 Graeci,
529 4399 578 4434 nos
591 4398 669 4448 qua·
718 4381 781 4449 guli
807 4380 868 4431 eius
894 4379 965 4443 qnod
991 4377 1088 4429 dieunt
1114 4378 1283 4447 Kerpettete

115 4450 247 4507 drentel
263 4454 384 4513 dirimas,
400 4456 428 4501 et
445 4466 479 4529 οξ
494 4447 669 4502 onomnatieo
721 4448 822 4501 Ericen.
856 4445 899 4497 Gi.
914 4444 1022 4498 comm·
1038 4446 1076 4513 ΙΙ,
1093 4450 1119 4512 2,
1137 4450 1162 4499 t.

116 4521 220 4573 vetere:
243 4518 428 4589 Quadreetol,
442 4512 534 4582 κύβος·
