2950 4992
264 150 403 219 COMM.
422 150 467 219 IN
488 148 616 216 SOMN.
635 146 735 217 scu’.
777 150 852 232 Lm.
873 151 912 214 11.
939 94 1046 217 'CAR
1070 151 1155 216 xvl.
1230 151 1293 219 aot

123 325 242 392 sunnis.
284 321 321 389 Si
342 321 461 398 anima,
486 319 604 407 iuquit,
625 320 697 385 atis's
713 342 807 385 causa
824 332 921 385 noim
941 334 994 397 est,
1018 322 1085 409 ipsa
1102 323 1162 389 ati
1179 340 1344 411 caueamus]

122 422 220 477 motus
241 432 302 474 esse
318 430 381 471 aaa
398 407 524 494 puers,
562 406 635 493 quia
658 406 740 471 nitu
759 417 801 471 est
823 406 903 493 quod
927 406 1056 473 eiusdem
1075 410 1124 475 rei
1147 420 1174 475 ct
1191 410 1251 475 sibi
1269 420 1296 475 et

124 499 195 562 ahu
222 515 315 561 causa
335 495 383 557 sit.
432 494 500 577 Ego
526 512 616 568 vero,
651 491 723 557 licet
751 490 837 557 facile
863 491 977 576 possim
1004 492 1135 577 probare
1164 495 1295 579 plurima

122 588 190 647 csse
212 602 292 680 quae
313 578 453 645 eiusdem
476 576 574 641 sciet
594 576 653 642 sibi
674 585 706 642 et
727 576 795 641 aliis
818 598 908 643 causa
929 576 1005 654 sint,
1044 599 1083 643 ne
1105 586 1210 644 tamen
1229 588 1294 647 stu·

123 669 175 733 dio
196 668 301 734 videar
321 663 568 748 omnibus.quae
589 662 704 729 adserit
721 662 862 739 obviare,
890 662 949 727 hoc
970 684 1077 729 verum
1099 685 1166 729 esse
1186 686 1294 731 conce·

121 754 207 819 dam:
246 750 330 838 quod
349 757 383 814 et
404 769 460 834 pro
481 768 556 813 vero
573 747 721 814 dlabitum
743 748 781 813 ad
805 748 1008 815 adserendum
1031 758 1150 815 motum
1173 749 1293 815 animae

121 860 184 904 non
206 837 337 903 nocebit
380 833 505 900 Etenim
523 834 657 899 animam
677 834 802 901 initium
824 843 926 917 motus
947 843 978 899 et
999 856 1120 901 causam
1140 841 1340 904 vocamus.ll

119 926 168 991 De
196 944 289 989 eausa
317 928 388 1006 post
414 920 595 986 videbimus.
636 920 765 986 Interim
788 928 908 987 constat
930 940 1023 987 omno
1043 920 1166 987 initium
1193 921 1293 987 inesse

119 1012 166 1075 rei
187 1010 275 1075 cuius
297 1015 345 1071 est
367 1005 505 1071 initium:
537 1014 569 1070 et
589 1005 658 1071 ideo
680 1005 828 1091 quicquid
857 1006 889 1071 in
912 1026 1140 1094 quamcumque
1166 1028 1232 1073 rem
1255 1006 1293 1071 ab

121 1096 211 1160 initio
233 1115 291 1159 suo
313 1091 517 1177 proficiscitur
545 1090 657 1156 hocin
679 1092 747 1177 ipso
769 1091 857 1156 initio
879 1093 1041 1176 reperitur.
1096 1092 1147 1161 Sic
1169 1093 1292 1159 initium

120 1179 230 1245 catoris
258 1200 320 1243 non
349 1185 451 1262 potest
479 1198 541 1241 uon
567 1177 677 1241 calere.
716 1179 824 1262 Ignem
851 1177 968 1262 ipsum,
1003 1178 1042 1243 de
1063 1200 1126 1264 quo
1154 1180 1238 1245 calor
1259 1180 1292 1243 in

119 1265 180 1330 atio
201 1264 328 1338 transit,
352 1264 422 1348 quis
445 1271 537 1347 neget
556 1263 711 1328 calidum?
754 1262 816 1328 Sed
836 1264 932 1349 sqas's,
960 1262 1077 1348 inquit,
1098 1286 1161 1329 non
1181 1286 1211 1329 se
1229 1266 1341 1353 apseld

119 1352 267 1437 wissant,
303 1350 376 1436 quia
402 1360 516 1414 namra
542 1360 620 1414 totus
651 1360 694 1414 est
717 1349 842 1415 celadus.
892 1350 998 1415 Teneo
1030 1348 1113 1435 quod
1142 1350 1292 1427 volebam,

121 1456 193 1501 nam
216 1456 273 1500 neo
293 1434 396 1499 anime
416 1435 458 1499 its
481 1441 654 1511 semovet,
689 1442 726 1499 ut
748 1434 788 1499 sit
811 1434 892 1499 inter
912 1443 1031 1501 motum
1054 1442 1291 1520 moventemque

119 1522 278 1598 diseretio,
311 1520 365 1585 sed
387 1527 453 1585 tota
475 1520 516 1585 ita
540 1540 598 1585 suo
619 1527 708 1585 motu
728 1528 883 1595 movetur,
916 1529 952 1586 ut
975 1520 1049 1585 nihil
1078 1520 1176 1606 possis
1205 1541 1290 1605 sepa·

118 1629 205 1686 ruse,
238 1606 323 1693 quod
351 1612 483 1671 moveat
524 1607 610 1671 Haec
637 1606 676 1671 de
699 1606 789 1671 initio
817 1606 901 1671 dicta
920 1605 1082 1673 sufficient
1124 1606 1173 1671 De
1193 1608 1340 1681 ,cauata

119 1714 209 1770 saro,
241 1693 389 1791 quoniam
411 1698 581 1775 spontanea
602 1692 776 1757 coniventia
798 1692 1018 1769 concessimus,
1049 1713 1089 1757 ne
1112 1692 1186 1778 quid
1209 1692 1291 1759 eius·

119 1779 191 1855 dem
214 1799 259 1843 rei
281 1785 313 1842 et
333 1777 392 1841 sibi
413 1787 446 1840 et
466 1776 535 1841 aliis
556 1798 647 1842 causa
668 1777 723 1855 sit,
749 1777 881 1843 libenter
900 1778 1140 1863 adquiescimus,
1166 1798 1207 1843 ne
1226 1778 1290 1845 ani·

118 1884 183 1940 ma,
224 1872 303 1948 quae
328 1862 397 1927 aliis
424 1883 517 1933 causa
542 1871 646 1929 motus
670 1871 734 1940 est,
775 1863 833 1928 sibi
861 1884 952 1929 causa
980 1870 1082 1929 motus
1110 1885 1177 1928 esse
1206 1864 1289 1929 vide-

117 1956 196 2015 atur.
238 1950 296 2014 llis
315 1950 398 2014 enim
418 1969 509 2013 eausa
530 1957 632 2015 motus
655 1956 713 2026 est,
733 1970 814 2035 quae
836 1970 900 2015 nou
922 1957 1121 2017 mouerentur
1142 1948 1201 2015 nisi
1223 1949 1289 2034 ipsa

907 2138 992 2200 [Edd.
1016 2136 1221 2206 vicuhgnpdub.

117 2229 194 2290 (sup.
212 2225 307 2283 anim.)
326 2222 377 2272 ua.
543 2226 585 2274 10.
620 2221 718 2289 inquit]
742 2220 783 2272 Cf.
805 2239 829 2272 e.
847 2225 894 2287 14,
918 2222 991 2288 527.
1014 2253 1048 2262 -
1072 2224 1135 2274 aliis
1151 2224 1238 2289 inquit
1256 2223 1288 2274 F.

115 2320 149 2329 —
165 2311 246 2344 causa
265 2300 303 2343 est
320 2299 407 2341 motus
423 2289 525 2341 Eddd'.
544 2318 577 2329 -
594 2298 695 2357 potest
712 2291 764 2340 Ra.
781 2320 815 2327 -
833 2292 949 2341 eiusdem
971 2296 1040 2351 (om.
1057 2292 1110 2351 res]
1130 2292 1180 2341 Rl.
1198 2318 1231 2329 -
1249 2294 1288 2342 rei

115 2362 165 2411 sibi
180 2367 249 2423 (nm.
265 2366 303 2421 et)
323 2364 364 2410 vl.
385 2386 418 2395 -
439 2376 491 2409 aec
505 2367 594 2410 tamea
612 2358 663 2407 Rl.
682 2386 711 2395 -
734 2359 827 2408 uidear
845 2375 862 2409 a
882 2358 970 2409 studio
990 2359 1022 2409 Β.
1039 2387 1074 2395 —-
1092 2376 1160 2423 quae
1178 2360 1288 2415 adfert

116 2430 168 2479 Hl.
321 2430 362 2477 11.
395 2426 465 2493 post]
484 2426 496 2487 §
516 2429 556 2476 la.
575 2453 609 2463 -
626 2432 686 2491 post
706 2425 878 2477 docebimus
895 2422 949 2475 Tu.
969 2453 1000 2465 -
1018 2428 1102 2477 inesse
1182 2427 1288 2479 initium

115 2494 223 2547 addin
242 2511 299 2559 mg.
318 2510 334 2544 a
353 2510 409 2544 sce.
425 2510 461 2545 m.
480 2492 512 2542 F.
529 2522 562 2530 -
579 2510 633 2543 aon
649 2499 735 2557 potest
752 2493 837 2541 calere
854 2497 929 2556 (εἰη).
949 2493 1011 2542 aeid.
1029 2496 1096 2550 aaa)
1117 2492 1168 2543 RQ.

115 2569 158 2613 12.
192 2560 448 2626 inquit]Cf.c.14,
468 2560 481 2625 §
500 2563 544 2611 26.
560 2588 594 2597 -
616 2560 719 2609 calidus
736 2566 775 2610 est
792 2558 822 2607 F.
841 2586 873 2596 -
894 2566 991 2610 motum
1009 2568 1202 2627 annuentemque
1218 2562 1287 2615 Edd.

113 2626 214 2680 Palo.
261 2636 359 2677 motum
379 2635 570 2679 etmoueatem
587 2625 620 2675 B.
667 2633 830 2693 motumque
848 2634 991 2677 moventem
1008 2627 1058 2678 Ri.
1107 2636 1287 2681 metamauc-

114 2703 267 2761 nentcnsqne
287 2694 416 2756 usuam
451 2692 500 2743 sed
523 2694 557 2743 cf.
576 2693 589 2758 ᾗ
606 2694 648 2743 21.
676 2721 710 2731 -
737 2694 777 2744 ita
796 2702 851 2746 tota
873 2694 998 2745 almum
1028 2724 1056 2733 -
1085 2714 1102 2747 a
1120 2708 1287 2751 semovetur

115 2769 184 2825 (om.
203 2767 353 2821 saumata)
371 2760 403 2811 F.
435 2788 464 2797 -
497 2762 643 2826 sufficiant
660 2758 805 2811 Rluscc.
824 2779 875 2823 m.‚
894 2762 995 2813 HsTn.
1150 2769 1188 2817 13.
1224 2786 1286 2817 can-

114 2828 316 2950 tttd‘dd‘·
339 2826 824 2949 diissimi⁰''i'’⁸¹'iii„⁵iii²eiia
843 2830 1154 2951 &uetito-‘tiit
1205 2836 1286 2887 ⁰⁰'¹‘''

113 2968 165 3017 siti
182 2964 268 3015 BSRl
289 2964 347 3025 (R2
367 2964 422 3015 dei.
441 2970 486 3024 aa)
505 2962 632 3033 v-gdto.
667 2966 769 3018 etiam
786 2967 837 3017 eidi
854 2966 960 3019 s-nPu.
995 2968 1118 3021 uideatur
1136 2936 1186 3022 eidi
1203 2921 1286 3023 occid

113 3043 198 3087 matus
218 3050 272 3085 esse
289 3032 321 3083 F.
345 3062 380 3071 —
400 3042 550 3087 mouentur
566 3040 642 3101 (sup.
661 3039 703 3094 re)
722 3032 752 3085 F.
771 3062 804 3072 -
825 3036 860 3085 ni
876 3036 935 3104 ipsu
953 3053 977 3086 v.

146 3208 186 3254 lt).
224 3204 294 3255 Hinc
317 3206 342 3256 ei
360 3207 448 3269 fomes
470 3205 578 3271 quintae
602 3212 674 3257 onus
725 3206 789 3258 toris
805 3224 857 3257 non
875 3215 1024 3274 potestacn
1040 3210 1134 3269 coiere,
1153 3226 1203 3275 pso
1221 3210 1284 3275 qni-

111 3280 150 3325 est
168 3268 339 3340 quaestionis]
357 3274 375 3323 i.
393 3289 417 3325 e.
436 3272 502 3323 bine
518 3272 615 3324 elicita
631 3280 674 3325 est
724 3274 777 3325 bus
796 3282 905 3339 poterut
922 3276 1030 3327 diceres
1062 3277 1129 3341 „Sic
1150 3278 1179 3329 in
1202 3278 1283 3329 initia

111 3341 207 3406 quintu
235 3341 370 3423 quaestio.
410 3342 501 3392 Fames
526 3340 554 3392 vi
582 3347 674 3393 trans-

111 3410 170 3527 qqta
188 3410 295 3475 legitur
314 3408 401 3459 etiam
420 3408 448 3471 1,
466 3414 497 3472 9,
517 3413 543 3459 t.
568 3415 597 3459 et
613 3409 672 3460 Sat.

149 3520 153 3536 ,
174 3482 203 3537 8,
221 3478 247 3525 4.
263 3495 277 3523 a

145 3545 243 3611 studio]
262 3543 282 3593 i.
302 3560 327 3593 e.
345 3542 456 3608 cupide,
474 3546 505 3592 nt
520 3542 593 3608 apud
612 3541 671 3595 Cic.

110 3630 139 3679 p.
157 3613 241 3662 Base.
256 3614 317 3662 Am.
339 3615 389 3672 32,
410 3614 453 3660 91.
476 3618 506 3662 ut
524 3628 611 3662 omnes
629 3613 671 3663 ia·

110 3681 238 3748 telligaat
266 3696 307 3729 mc
330 3696 383 3729 aaa
411 3679 517 3730 studio
547 3696 672 3732 namara

110 3749 158 3800 sed
176 3748 266 3814 officio
284 3748 435 3811 defendere,

146 3819 187 3867 11.
220 3822 280 3882 post
296 3815 449 3865 uidebimus.
476 3813 594 3881 Interim]
623 3814 673 3866 ua

110 3883 222 3935 dicendi
240 3884 364 3933 formula
382 3882 409 3933 in
425 3880 549 3932 Senecae
566 3882 673 3949 epista-

110 3953 146 4003 Ιίι
165 3951 313 4017 frequens,
345 3950 401 4001 nisi
420 3950 493 4016 quod
510 3950 559 4001 hic
575 3951 671 4002 dicere

110 4022 183 4071 natet
197 4028 299 4087 postea.
339 4018 418 4069 Cant.
437 4035 480 4083 ep.
504 4021 549 4079 14,
580 4018 670 4083 §134

110 4092 154 4152 es,
173 4093 229 4150 lt.;
247 4093 290 4149 sa,
312 4090 352 4149 1.;
372 4091 416 4152 ss,
432 4089 468 4136 cs
486 4092 515 4137 et
531 4088 590 4149 εις
609 4091 669 4150 sos,

111 4160 167 4217 lu.;
194 4160 316 4218 110‚2.;
340 4158 406 4215 113,
423 4157 466 4205 Ἄ).
501 4154 563 4205 Sui·
581 4154 668 4220 1,·94,

110 4228 136 4273 5.
154 4224 261 4291 legitur
275 4231 336 4291 post
352 4223 507 4284 uidebimus,
523 4240 615 4275 auae.

144 4308 219 4345 omae
239 4294 344 4344 initium
366 4293 450 4342 inesse
473 4290 515 4342 sei
534 4291 609 4342 cuius
629 4300 668 4343 est

109 4356 224 4426 initium]
242 4360 339 4412 Potius
355 4358 608 4412 dicendumiuisse
627 4359 669 4411 vi-

109 4425 205 4476 detur:
237 4429 266 4477 ia
290 4430 362 4481 omni
388 4429 466 4481 initio
493 4427 578 4479 inesse
603 4441 668 4479 sem·

109 4492 153 4545 Gt.
176 4508 248 4559 quea
270 4502 436 4560 sequentum
469 4494 517 4547 hae
537 4496 571 4546 in
593 4496 668 4563 ipse

109 4562 211 4616 initia
224 4564 363 4629 senaim,
377 4570 422 4614 att
443 4564 489 4615 Sic
502 4563 609 4616 initium
621 4578 668 4617 aa·

722 3342 829 3460 ¹csslq‘ris
852 3360 904 3395 non
931 3351 1022 3412 potest
1044 3362 1097 3397 non
1119 3348 1211 3397 inesse
1236 3362 1283 3397 cu-

735 3426 776 3461 or.

758 3514 798 3562 13.
841 3520 986 3579 spontanea
1023 3513 1181 3582 coniventia]
1220 3512 1281 3566 i'id.
1328 3530 1334 3541 ·

722 3584 779 3629 uot.
798 3578 833 3630 ud
852 3598 875 3632 o.
894 3580 1025 3647 15,§1ss.

757 3680 866 3732 libenter
888 3682 1094 3747 adquiescimus,
1127 3700 1161 3735 ne
1181 3683 1281 3743 anima,

722 3766 791 3815 quae
808 3750 871 3800 aliis
881 3766 963 3801 causa
978 3759 1064 3803 motus
1079 3759 1126 3811 est,
1138 3753 1188 3803 sibi
1199 3768 1282 3803 causa

720 3825 807 3869 matus
826 3833 880 3868 essa
896 3819 1028 3887 uideatur]
1047 3820 1220 3871 Particutnm
1239 3836 1282 3879 ac,

721 3900 794 3949 quae
824 3885 933 3951 legitur
965 3886 993 3939 in
1027 3887 1169 3953 plerisque
1201 3887 1280 3937 codd.

721 3969 805 4014 mse,
841 3954 992 4006 defendere
1019 3955 1124 4005 nescio.
1158 3952 1228 4005 Num
1255 3955 1281 4007 si

719 4020 762 4071 itu
794 4020 970 4075 distinxeris:
1008 4040 1077 4090 quae
1105 4022 1169 4073 otiis
1199 4039 1281 4073 causa

718 4096 805 4140 matus
825 4098 862 4141 est
883 4108 915 4142 ac
937 4091 999 4152 eidi,
1031 4107 1144 4141 sensnm
1167 4088 1280 4141 omnino

719 4158 911 4222 perturbabit,
938 4159 992 4209 nisi
1011 4158 1161 4210 itarevaris
1179 4174 1281 4223 prono-

718 4240 782 4277 men
796 4227 854 4277 cidi.
887 4226 996 4281 Idcirco
1013 4242 1075 4279 eum
1090 4225 1173 4290 eieci,
1187 4232 1218 4277 ut
1230 4226 1280 4278 ad-

719 4292 806 4345 ditum
832 4294 867 4343 ab
896 4311 928 4376 nn
952 4295 1000 4376 qni
1020 4310 1181 4375 sausunnn
1209 4294 1279 4347 antis

718 4362 1179 4499 &iiiiiiindii-‘iiiiii
1208 4363 1280 4482 iii?

718 4497 755 4548 ba
773 4498 946 4551 concessimus
967 4518 1001 4553 aa
1022 4502 1087 4568 qnid
1107 4501 1223 4553 eiusdem
1240 4501 1280 4552 rei

717 4572 748 4619 at
766 4567 868 4623 sitiet
885 4568 948 4621 atiis
966 4584 1049 4625 nauta
1070 4570 1118 4635 ait,
1148 4570 1279 4623 sidentur
