2950 4992
648 109 841 158 ruussrrc.
1314 89 1364 156 IX

135 259 170 324 F.
204 255 383 330 Dusssssc
418 257 550 343 benique
580 255 840 328 intercedentibus
870 256 997 328 Parisiis
1028 257 1181 344 optimum
1210 256 1361 325 Macrobii

136 360 274 430 codicem
299 381 367 430 mec
392 381 484 428 caussa
509 365 612 427 totum
641 358 782 444 qrridem,
817 358 872 426 sed
901 359 934 425 in
964 358 1093 430 Graecis
1119 358 1360 444 diligentissime,

136 462 269 530 excussit
296 463 353 530 Tu.
381 462 595 539 Passennus,
624 459 763 544 slicsque
790 459 963 546 complures
990 461 1192 548 perlustravit.
1237 460 1357 528 Eodem

134 561 197 632 fere
223 571 363 650 ternpore
387 563 446 632 alin
468 561 508 630 od
533 561 778 629 Commentarios
804 561 837 627 in
859 561 1021 632 Somnium
1045 563 1197 650 Scipionis
1218 561 1357 650 inprimis

134 665 317 751 pertinentia
345 665 421 733 mihi
448 663 718 750 suppeditaverant
740 685 758 730 c
779 663 967 732 bibliotheca
995 664 1142 732 Bemcnsi
1173 669 1250 730 Ass.
1279 665 1355 730 Ian-

131 789 225 846 rcus,
257 789 274 832 c
300 766 513 852 Rehdigerana
541 766 629 832 Fam.
651 767 811 846 Hsssrcs,
843 766 883 834 ad
908 787 976 836 mec
999 765 1102 832 studia
1126 774 1284 852 tantopere
1308 765 1355 832 iu-

131 869 230 936 randa
262 869 413 938 adductus
441 889 459 933 a
480 869 560 935 Rau.
582 869 760 946 Frcruarc,
780 876 855 937 tunc
877 867 1000 937 scholae
1018 866 1179 934 Portensis
1200 867 1355 951 magisne,

130 991 215 1037 nunc
238 969 386 1056 gymnasii
405 969 591 1037 Elisabctani
614 970 814 1042 Vrctislauiaa
835 978 965 1048 rectore,
988 991 1006 1037 n
1027 990 1091 1057 quo
1112 969 1185 1038 licet
1204 976 1355 1056 occupata

132 1070 226 1138 luerit
246 1071 379 1138 Senecae
400 1072 508 1138 edendi
529 1072 696 1158 provincia,
717 1093 810 1159 quarn
831 1094 891 1158 eqo
910 1093 994 1138 eram
1016 1080 1226 1159 suscepturus,
1248 1078 1353 1138 nmen

132 1180 251 1238 aarum
282 1173 383 1251 abest,
417 1182 453 1240 nt
486 1196 557 1243 cum
587 1195 625 1242 eo
655 1174 729 1240 mibi
758 1182 862 1240 crtum
890 1173 931 1240 sit
956 1173 1082 1259 aliquod
1107 1174 1284 1253 discidium,
1315 1181 1352 1240 ut

132 1275 433 1344 eademssstudicrum
454 1276 533 1344 ratio
555 1284 640 1342 arcto
663 1297 720 1342 nos
744 1275 937 1343 coniunxerit
956 1275 1091 1342 vinculo:
1120 1275 1352 1343 eBcrclinensi

129 1378 181 1444 Ic:
207 1378 351 1445 Fususro
382 1401 415 1446 sc
447 1378 661 1464 interponente
689 1379 951 1453 Romanusne,
984 1375 1176 1462 superiorum
1206 1377 1350 1442 ordinum

127 1479 162 1544 in
186 1478 351 1567 Gymnasic
379 1479 556 1549 Coloniensi
581 1478 738 1563 magister:
770 1501 789 1544 e
813 1477 956 1545 Leidausi
982 1478 1049 1544 lsc.
1075 1476 1231 1557 Gassrcs,
1262 1477 1349 1544 cuins

124 1581 350 1666 benignitatem
392 1581 535 1652 eximiam
579 1581 697 1666 experti
742 1581 830 1649 multi
880 1578 997 1647 meritis
1044 1579 1187 1647 laudibus
1233 1579 1347 1645 extrsle-

127 1691 209 1751 runt.
254 1685 291 1752 ln
318 1703 416 1750 unum
442 1682 603 1748 etiamtum
630 1681 791 1768 cupiebam
821 1680 975 1767 inquirere
1003 1681 1155 1760 codicem,
1189 1681 1347 1748 Cantabri-

129 1783 267 1868 giensem
290 1784 360 1851 dico
391 1783 476 1848 illum
503 1803 520 1850 e
547 1804 609 1870 quc
637 1783 809 1852 Saturnalia
832 1784 1042 1870 compluribus
1068 1785 1144 1852 locis
1166 1805 1200 1849 se
1224 1784 1346 1871 supple·

130 1884 209 1954 uisse
241 1906 411 1972 eorumque
442 1884 580 1952 ordinem
606 1886 772 1966 mutavisse
793 1885 979 1973 praedicavit
998 1887 1166 1953 Pontnnus.
1209 1887 1346 1964 Frustra,

125 1993 162 2052 ut
186 1987 310 2073 quidem
337 1987 510 2067 ridebatur,
541 1987 623 2054 initis
650 2009 852 2075 quaecunque
880 1987 956 2056 milri
981 1989 1126 2075 patebant
1154 1985 1211 2054 viis
1241 1987 1345 2075 putari

126 2110 196 2155 meo
218 2089 332 2156 indicio
351 2111 419 2156 csse
438 2090 663 2158 conficiendum
683 2091 769 2178 quod
791 2113 809 2155 e
828 2090 937 2158 codice
957 2089 1124 2157 diiudicare
1144 2112 1207 2155 non
1229 2089 1344 2156 liceret

124 2192 171 2258 Re
190 2191 362 2260 accuratius
382 2193 552 2258 examinata
573 2193 618 2261 ita
637 2192 711 2260 mihi
732 2192 880 2278 persuasi,
901 2192 1116 2262 commenticia
1136 2213 1204 2259 esse
1225 2198 1256 2258 ct
1274 2192 1346 2257 licta

125 2293 257 2378 quaein
283 2295 389 2362 codice
414 2315 448 2360 se
474 2275 625 2362 iniecisse
647 2295 820 2362 simulasset
841 2294 1010 2361 Pontanns.
1051 2295 1139 2360 Hanc
1162 2293 1344 2358 sententiam

124 2397 251 2480 exposui
276 2397 309 2462 in
335 2397 594 2465 commentatione
619 2414 712 2482 quam
741 2394 811 2460 misi
834 2395 869 2458 F.
891 2395 1090 2460 anssscnsc
1117 2394 1149 2458 in
1172 2393 1345 2459 academiae

122 2498 317 2565 Monacensis
342 2518 490 2568 consessu
512 2495 709 2562 recitandam.
765 2495 856 2572 Quae
887 2494 962 2559 dum
991 2493 1071 2579 typis
1101 2493 1285 2561 describitur
1306 2497 1344 2582 ⁴),

108 2589 249 2666 ¹tandem
273 2597 349 2664 mihi
372 2596 514 2680 contigit,
543 2603 662 2664 utnon
685 2595 779 2662 modo
800 2594 839 2662 de
859 2595 913 2662 illo
932 2594 1039 2663 codice
1060 2594 1174 2681 aliquid
1196 2595 1343 2676 audirem,

126 2699 180 2764 sed
199 2698 266 2783 ipse
285 2718 356 2765 eum
379 2696 522 2764 viderem.
568 2697 646 2762 Nam
666 2699 700 2764 F.
718 2697 921 2775 Ronrcsrus,
945 2699 984 2764 ad
1003 2719 1097 2784 quem
1117 2697 1251 2784 perlatae
1270 2709 1342 2766 sunt

125 2799 230 2865 literae
251 2820 269 2864 a
290 2819 339 2864 mc
361 2799 448 2865 datae
472 2798 509 2863 ad
531 2798 734 2866 bibliothecae
757 2800 1014 2886 Cantabrigicnsis
1034 2799 1232 2887 praefectum,
1252 2801 1341 2868 cuius

123 2901 174 2966 illc
195 2900 275 2966 vices
296 2908 369 2969 tunc
391 2900 531 2986 gerebat,
556 2918 618 2966 non
640 2901 790 2968 dubitavit
811 2909 896 2968 tanta
918 2923 990 2969 cum
1012 2902 1191 2970 liberalitate
1212 2924 1269 2990 pro
1290 2925 1341 2971 mc

123 3001 323 3081 intercedere,
355 3010 392 3071 ut
415 3001 584 3088 syngrapha
609 3003 644 3068 L.
666 3002 812 3070 librarum
834 3004 873 3069 dc
894 3005 1000 3072 codice
1022 3005 1106 3071 salvo
1127 3026 1237 3072 cavens
1258 3005 1339 3074 bunc

122 3105 196 3172 mihi
216 3105 366 3172 mitteret:
387 3125 449 3190 quo
468 3105 651 3191 perlustrato
671 3105 798 3171 omnino
816 3105 878 3171 uidi
897 3107 1126 3193 comprobatam
1149 3128 1249 3174 meam
1269 3131 1337 3175 scn-

121 3208 247 3277 tentiam
268 3209 305 3293 ⁶).
349 3207 443 3273 Plura
464 3206 503 3272 de
523 3207 582 3274 hac
603 3227 637 3272 re
655 3208 724 3276 ride
746 3208 778 3275 in
800 3209 1024 3294 prolegomenis
1046 3230 1075 3295 p.
1097 3233 1198 3277 suns
1222 3232 1289 3297 sqq.

206 3412 312 3490 Quum
332 3431 439 3476 corum
460 3409 513 3494 qui
533 3410 565 3475 in
584 3410 775 3497 antiquitatis
796 3411 905 3481 studiis
925 3418 1085 3478 versantur
1104 3411 1137 3476 in
1158 3411 1262 3476 multis
1281 3413 1336 3479 dil-

44 3506 47 3508 ’
122 3513 307 3582 licultatibus
331 3511 419 3597 quasi
443 3520 550 3597 portus
574 3519 606 3578 et
633 3511 784 3598 refugium
810 3513 850 3578 sit
873 3513 1063 3589 Macrobius,
1099 3519 1131 3579 ct
1152 3522 1269 3598 gratam
1288 3516 1337 3583 his

121 3616 185 3682 lore
209 3635 309 3681 meam
335 3633 459 3699 operam
486 3613 710 3692 existimabam,
745 3622 777 3681 ct
801 3614 888 3680 facile
915 3637 965 3681 me
987 3615 1181 3682 inuentruum
1202 3639 1270 3684 esse
1288 3641 1335 3685 re-

119 3719 319 3804 demptorem.
365 3715 426 3780 Sed
446 3736 515 3802 spes
535 3737 585 3783 me
607 3715 718 3785 refellit.
761 3717 951 3802 Bibliopolae
971 3719 1143 3804 complures
1161 3727 1335 3807 temporum

121 3839 264 3888 excusare
284 3817 489 3903 iniquitatem:
519 3817 594 3895 duo,
610 3838 802 3890 summorum
816 3818 960 3896 virorum,
977 3821 1053 3885 alter
1065 3820 1102 3886 G.
1114 3822 1335 3899 Benearnum,

109 3922 195 4012 'alter
217 3921 251 3988 C.
273 3921 308 3986 F.
328 3920 597 3998 Nssessasscmn
618 3921 800 3988 auctoritate
821 3921 978 4000 commoti,
996 3923 1150 4009 suscipere
1168 3922 1336 4006 negotium,

188 4201 217 4266 ⁴)
237 4201 280 4252 Gt.
299 4201 417 4250 llnlletin
440 4201 490 4250 der
513 4201 619 4264 ladnigl.
643 4203 740 4264 baycr.
764 4201 912 4251 stademic
936 4202 961 4247 d.
981 4200 1030 4248 W.
1051 4197 1124 4246 1844.
1152 4201 1183 4248 Ν.
1204 4201 1245 4249 37.
1278 4207 1336 4254 Ge.

118 4271 205 4336 lelrrte
226 4285 381 4348 Anzcigen,
396 4284 470 4334 1844.
493 4287 523 4334 N.
540 4285 595 4334 172.
615 4299 640 4346 p.
659 4283 706 4333 339
726 4302 786 4349 sqq.
808 4287 919 4347 „Ueber
935 4282 979 4330 dic
996 4281 1209 4347 ursprdcglrclre
1224 4288 1336 4337 Gustata

119 4373 167 4422 der
182 4371 362 4422 sarrrrnalten
381 4371 431 4418 des
450 4367 642 4418 Macrobirrs.“

187 4458 215 4514 ⁵]
235 4454 279 4504 cr.
299 4455 432 4508 Gelclrrte
449 4452 607 4515 snsciges,
627 4450 700 4501 184³.
728 4452 760 4501 N.
779 4449 844 4513 tte.
