2950 4992
207 137 253 208 80
692 126 902 196 Mncuoun

209 305 299 375 dotis
340 300 430 371 Unde
452 308 484 368 et
501 298 589 388 quasi
612 296 747 386 quodam
768 297 893 384 publico
921 295 1086 385 praeconio
1103 303 1223 366 tantam
1244 299 1382 369 humano

157 429 161 436 -
209 390 315 478 generi
345 388 536 455 divinitatem
566 384 666 450 inesse
693 391 841 462 testatur,
876 390 913 450 ut
945 383 1107 451 universos
1141 385 1253 451 siderei
1285 389 1380 454 animi

179 474 392 562 deognatione
411 472 564 538 nobilitet
607 468 866 548 Notandumest,
893 468 975 554 quod
998 468 1057 533 hoc
1080 469 1148 536 ioco
1170 472 1323 551 animum,
1351 483 1383 539 et

210 571 247 629 ut
268 559 392 647 proprio
414 564 446 622 et
465 565 502 621 ut
522 553 648 620 abusive
674 554 801 632 dieitur,
838 553 949 639 posuit.
995 554 1128 620 Animus
1151 558 1234 622 enim
1257 559 1381 645 proprie

211 668 298 712 mens
318 651 379 721 est,
401 663 494 729 quarn
515 639 697 706 diviniorem
718 639 821 704 anima
843 659 935 704 nemo
956 637 1122 705 dubitavit:
1148 641 1203 706 sed
1223 665 1378 710 nonnum·

180 743 305 819 dquam
326 729 369 794 sic
391 738 423 793 et
440 727 573 791 animam
596 733 781 811 usurpantes
803 744 957 789 vocamus.
1000 723 1079 790 Cum
1102 746 1175 810 ergo
1194 727 1282 792 dicit:
1320 730 1381 794 bri·

287 816 406 880 animae
425 813 513 876 datm
532 822 574 875 ert
594 834 633 876 ex
650 811 710 874 sun
730 811 917 897 sempiterno
939 810 1068 895 ipnibns,
1091 818 1224 876 mentem
1245 822 1383 898 praestat

211 898 362 985 rnteilegi,
398 917 478 984 quae
500 895 589 960 uobis
610 893 733 982 proprie
759 915 829 960 curn
852 893 937 960 eaelo
966 894 1179 981 sideribusque
1207 898 1380 964 eommunis

210 994 273 1062 est;
311 1005 382 1050 curn
411 1001 485 1049 vero
511 980 569 1045 ait:
605 979 777 1046 retinendas
800 979 921 1044 animae
947 989 989 1044 est
1015 981 1050 1045 r'n
1078 981 1211 1046 crutodr'a
1233 986 1407 1069 corporis·

210 1071 308 1158 ipsam
340 1077 416 1135 tune
441 1065 576 1131 animum
601 1064 756 1141 nominat,
818 1085 876 1129 uae
905 1063 1038 1131 uincitur
1064 1066 1203 1132 custodia
1230 1067 1380 1153 corporali

179 1156 260 1228 brui
282 1175 369 1220 mens
389 1151 492 1218 diuina
512 1171 575 1215 non
596 1150 748 1216 subditur.
835 1169 897 1214 unc
919 1149 1051 1237 qualiter
1073 1150 1162 1216 nobis
1184 1151 1318 1230 animus,
1346 1152 1378 1216 id

210 1248 260 1306 est
279 1260 382 1317 mens,
408 1258 479 1303 eum
501 1235 653 1302 sideribus
674 1233 846 1300 eommunis
866 1233 920 1313 sit,
948 1235 1117 1301 secundum
1139 1236 1299 1324 theologos
1320 1237 1380 1304 dis·

181 1334 359 1399 fiseramus.
422 1323 523 1398 Deus,
559 1320 611 1408 qui
632 1319 730 1406 prima
750 1340 840 1385 eausa
862 1326 894 1384 et
915 1327 962 1385 est
982 1327 1014 1384 et
1036 1329 1174 1399 vocatur,
1211 1344 1293 1389 unus
1314 1344 1379 1388 om·

211 1411 309 1486 nium,
326 1429 468 1496 quaeque
487 1412 560 1472 sunt
580 1426 721 1492 quaeque
742 1406 889 1471 ridentur.
906 1425 981 1483 esse,
1000 1405 1141 1491 princeps
1164 1413 1196 1472 ct
1217 1408 1303 1494 origo
1324 1416 1380 1473 est

211 1497 271 1563 llic
291 1491 553 1581 superabundanti
581 1491 748 1557 maiestatis
769 1489 955 1556 fecunditate
976 1489 1013 1555 de
1036 1511 1068 1555 se
1096 1499 1231 1558 mentem
1258 1493 1381 1559 creavit

212 1584 298 1648 Haec
314 1601 412 1657 mens,
433 1599 512 1666 quae
532 1579 611 1655 νοῦς
628 1585 844 1663 vocatur,-qua
863 1582 981 1662 patrem
1000 1574 1131 1661 inspicit,
1154 1577 1274 1662 plenam
1294 1579 1380 1642 simi-

213 1667 375 1732 litudinem
399 1671 501 1730 serrat
521 1663 671 1729 auctoris:
709 1664 843 1728 animam
873 1681 946 1727 vcro
974 1660 1012 1726 de
1038 1682 1071 1727 se
1099 1669 1182 1726 creat
1208 1663 1379 1748 posteriora

183 1752 388 1839 'trespiciens
429 1751 550 1814 Rursus
566 1749 668 1814 anima
687 1756 805 1833 patrem
827 1767 888 1833 qua
908 1746 1047 1812 intuetur
1070 1745 1223 1824 induitur,
1247 1769 1282 1812 ac
1302 1769 1377 1833 pau·

213 1838 298 1902 latim
318 1831 512 1917 regrediente
531 1841 674 1919 respectu
693 1834 727 1898 in
746 1832 893 1899 fabricam
918 1853 1083 1920 corporum
1108 1832 1288 1921 incorporea
1314 1833 1380 1922 ipsa

277 2022 346 2076 Μει.
367 2021 609 2086 assultuum]

209 2111 317 2164 dieitur
334 2109 386 2162 m.
402 2135 438 2148 -
473 2108 557 2161 abdira
572 2105 713 2176 praeconio
727 2109 843 2174 quadani
860 2109 894 2160 F.
913 2135 946 2148 -
962 2110 1127 2163 divinitatem
1146 2129 1199 2164 om.
1216 2113 1268 2164 m.

209 2183 236 2234 8.
269 2180 304 2231 in
320 2177 368 2230 iae
384 2177 440 2229 iera
482 2191 529 2228 n·
546 2201 582 2216 -
598 2175 888 2243 ataburioeponitur
904 2174 977 2228 Bau.
996 2203 1028 2214 -
1048 2181 1171 2245 apposuit
1189 2179 1239 2231 Rt.
1257 2207 1292 2219 -
1308 2197 1383 2236 men·

210 2254 280 2311 (om,
295 2252 347 2307 ert)
366 2245 416 2296 Βῆ.
434 2272 467 2283 -
485 2244 624 2296 dubitabit
642 2242 695 2294 Ire.
710 2271 744 2281 -
764 2250 922 2312 usurpantes
939 2245 1066 2294 animaru
1084 2261 1153 2296 ease
1172 2245 1223 2296 tu.

210 2322 237 2369 4.
269 2315 376 2384 proprie
396 2329 451 2365 um.
467 2313 518 2364 Μ.
539 2339 566 2350 -
592 2320 654 2364 tune
673 2326 729 2361 um.
749 2309 819 2363 Brun.
854 2319 910 2362 tum
926 2312 1003 2429 (sup.
1022 2311 1079 2375 cai)
1099 2313 1150 2362 Rr.
1171 2339 1200 2350 -
1223 2314 1381 2366 subiicitur

210 2385 283 2436 usn.
435 2384 462 2432 c.
497 2386 522 2432 et
539 2386 578 2432 ert
594 2386 620 2432 rt
635 2385 747 2430 uocatur
767 2379 917 2446 bitur-gb.
956 2415 976 2443 „
999 2377 1098 2444 eripuit
1115 2379 1276 2433 Macrobius
1300 2389 1325 2434 et
1342 2390 1382 2435 ert

207 2460 237 2506 'et
255 2467 312 2503 uae.
346 2447 392 2501 lta
410 2447 599 2500 bubentblss.
632 2445 803 2498 ltaloeutua
821 2453 974 2510 eataupra,
993 2445 1032 2496 ita
1052 2446 1175 2512 loquitur
1193 2447 1268 2500 inira
1287 2449 1310 2515 [d
1330 2449 1382 2516 lt.]

211 2529 237 2574 et
254 2525 315 2571 rant
331 2525 356 2570 et
373 2518 507 2581 uidentur,
524 2531 548 2566 a.
568 2518 600 2565 19
619 2512 643 2580 [5
663 2513 714 2580 ru]
733 2518 760 2566 et
776 2514 809 2566 sit
827 2522 851 2567 et
868 2515 1025 2567 habeatur.“
1045 2513 1132 2565 Gran.
1176 2523 1214 2568 cst
1230 2524 1255 2568 et
1272 2525 1384 2569 uocatur

211 2589 281 2656 (om.
300 2585 394 2652 priore
410 2588 450 2649 et)
474 2598 527 2635 ε-ι.
545 2606 581 2623 -·-
600 2583 750 2649 „Quaeque
767 2589 828 2634 runt
847 2598 966 2649 quaeqae
985 2581 1121 2643 uidentur,
1154 2587 1185 2634 ut
1206 2599 1231 2634 e.
1250 2589 1267 2635 6
1291 2584 1315 2649 [d
1333 2584 1381 2651 9.].

210 2656 267 2709 Sed
286 2654 339 2705 tte.
356 2651 479 2719 opti-ua
496 2658 613 2717 atroque
631 2649 693 2701 tneo
709 2665 915 2716 marcumque,
950 2650 985 2701 de
1006 2663 1061 2714 quo
1082 2643 1181 2715 ἐπέχω,
1214 2653 1380 2718 praesertim

211 2739 276 2775 cum
292 2726 323 2771 et
338 2719 399 2771 Sat.
415 2718 452 2781 V,
466 2734 490 2770 a.
506 2720 557 2772 alt.
578 2717 602 2784 [ᾖ
622 2717 679 2834 1οῧ
693 2717 791 2786 quique
806 2718 860 2768 rint
878 2717 974 2785 quique
983 2718 1120 2782 suerint.“
1143 2717 1228 2770 Gran.
1245 2744 1280 2757 --
1304 2721 1381 2790 origo

212 2785 639 2851 (om-ert)Rt.-triederr
682 2800 727 2837 ει.
770 2784 1223 2852 SicH1.-·qaaepatrenrHl
1243 2787 1298 2848 (ur
1318 2805 1380 2854 sup.

146 2914 149 2918 ,
211 2861 253 2916 a).
275 2880 310 2892 -
330 2853 484 2904 deserere
506 2853 557 2904 Re.
590 2868 652 2903 aera
669 2852 840 2920 dereipra
863 2851 933 2904 Bau.
1086 2858 1111 2904 t.
1148 2854 1269 2906 Rurrurn
1291 2853 1380 2907 SR12.

214 2951 243 2964 ·-
266 2929 370 2989 patrem
389 2935 442 2988 aaa
463 2920 581 2972 intuetur
602 2916 1067 2986 asnar-gnusssnbmuwra.
1118 2937 1172 2988 pua
1193 2922 1310 2974 intuetur
1325 2939 1380 2990 pa·

209 2998 277 3047 tren
301 2989 354 3040 ut.
404 2995 509 3056 patrer·
525 3003 615 3055 paam
631 2987 750 3039 intuetur
776 2987 808 3038 P.
855 3003 909 3054 qua
924 2993 1019 3054 parte
1036 2987 1154 3039 intuetur
1180 2988 1228 3041 Pr.
1260 2998 1379 3068 partem

210 3075 300 3128 quant
318 3057 435 3108 intuetur
454 3071 509 3106 ε-ε.
548 3061 682 3107 mentera
701 3071 793 3121 quara
813 3055 932 3108 intuetur
951 3053 1095 3119 „0xcnii“
1116 3055 1201 3107 Grau.
1236 3056 1296 3106 Vrd.
1322 3063 1381 3109 not.

210 3152 245 3166 n-
262 3125 383 3178 indaitar
397 3125 474 3192 (rap.
489 3119 553 3176 edd.
568 3122 750 3188 diuinitatem)
768 3121 820 3174 Rl.
834 3149 867 3160 -
884 3123 914 3175 in
928 3137 1064 3191 corporum
1076 3123 1212 3188 fabricans
1229 3122 1279 3176 ur.
1296 3149 1330 3161 —
1350 3126 1380 3177 in

245 3320 271 3370 6.
306 3316 433 3380 omniurn,
460 3321 661 3386 peccauerunt
685 3330 770 3382 puae·
820 3317 942 3366 creatam
961 3331 1022 3368 aare
1041 3313 1197 3380 contendit,
1217 3313 1299 3367 dicit:
1323 3332 1378 3383 pua

228 3405 260 3440 ue
278 3382 401 3439 uidentur
418 3385 483 3454 erre]
511 3384 531 3436 i.
547 3401 572 3436 r.
593 3381 770 3448 inteliegibi-
817 3391 920 3449 patrem
934 3383 1048 3450 inspicit,
1056 3383 1162 3451 plenam
1178 3383 1378 3436 similitudinem

222 3457 280 3508 ianr
298 3454 540 3522 eteorporaiiunr,
559 3452 636 3504 aba.
653 3455 680 3514 d,
697 3449 710 3516 ᾗ
728 3453 769 3500 19.
817 3457 906 3502 seruat
923 3450 1049 3503 auctoris.-
1084 3450 1124 3502 ita
1146 3457 1174 3502 et
1197 3467 1283 3514 nranc,
1312 3468 1377 3502 curn

243 3528 269 3574 7.
301 3529 418 3590 patrea,
447 3538 500 3588 aaa
520 3522 650 3580 intuetur,
675 3517 769 3570 indui·
818 3516 958 3582 originem
986 3517 1097 3570 animae
1123 3525 1254 3572 amente
1280 3519 1377 3582 trudit,

208 3589 263 3654 tar]
283 3588 442 3640 Gronovius
459 3596 578 3649 arentem,
597 3585 669 3667 pand
689 3585 769 3637 inve·
818 3585 914 3636 eadem
940 3584 1029 3638 utitur
1056 3586 1210 3650 sententia,
1245 3587 1294 3638 sed
1320 3587 1377 3638 icti

209 3655 252 3706 uit
264 3653 292 3705 in
308 3656 369 3705 aad.
382 3655 480 3717 Oxou,
497 3654 624 3728 defendat
640 3653 687 3704 bia
705 3669 769 3704 rer·
819 3659 926 3704 tanturn
944 3653 1100 3706 mutatione
1116 3661 1144 3705 et
1154 3653 1321 3712 variatione,
1334 3654 1377 3705 uti

209 3721 271 3775 bist
306 3721 442 3785 „Animae
460 3737 539 3787 pars,
559 3737 631 3789 quae
647 3727 770 3771 mentem
820 3735 919 3787 saepe,
942 3737 1035 3772 rursus
1052 3722 1144 3772 anima
1158 3731 1275 3789 patrem,
1299 3721 1329 3771 b.
1348 3738 1375 3771 e.

209 3787 336 3859 proxima
360 3795 418 3850 est,
452 3787 555 3839 ruentis
582 3804 697 3839 aaaron
724 3785 769 3838 tin
820 3794 954 3851 mentem,
973 3805 1026 3855 qua
1043 3789 1171 3852 intuetur,
1190 3795 1268 3841 unte:
1290 3789 1376 3855 inspi-

208 3875 281 3926 qnae
298 3872 364 3908 vura
381 3871 399 3907 ιι
418 3861 510 3906 mente
526 3855 661 3906 renatior
678 3860 707 3905 et
724 3869 770 3904 re·
818 3856 863 3917 eit,
884 3856 1015 3920 induitur,
1031 3862 1110 3908 antea
1126 3857 1234 3924 plenam
1249 3857 1376 3908 similitu-

207 3928 261 4009 bnp
277 3920 616 4008 corporeisprppinqaior
629 3927 683 3985 cet,
700 3918 771 3973 iicet
818 3923 906 4004 dinem
932 3929 1022 3976 emeat
1050 3924 1196 4004 auctorir.“
1223 3950 1259 3964 -
1287 3922 1376 3974 Paulo

207 3997 768 4130 :zsstttt’ttttttt'att’tttt!
816 3990 1159 4111 ttt,:.⁰“t¹¹1tt'¹tttt;
1180 3989 1278 4110 tt?
1291 4006 1378 4110 iiii}

207 4131 248 4184 tia
271 4127 510 4250 {taprobii'tqtnae
536 4140 587 4259 per
608 4119 640 4176 td
661 4131 767 4192 purten
814 4132 927 4258 pptrpnr6
961 4125 1003 4178 De
1021 4125 1136 4194 passivo
1153 4125 1209 4178 rid.
1226 4129 1282 4178 not.
1300 4126 1334 4177 sd
1353 4141 1376 4175 c.

240 4215 256 4249 u
318 4213 412 4249 savena
453 4210 521 4246 raa
581 4209 635 4244 noa
685 4208 765 4244 arum
925 4227 933 4244 .

206 4199 353 4317 {interior
368 4263 480 4316 ridetur
497 4209 766 4312 tigrifl-Alizeu·
848 4230 881 4311 ira
896 4259 1041 4327 paulatin]
1072 4259 1226 4327 Exspecta·
1250 4257 1378 4326 partiou-

205 4331 270 4382 niua
289 4341 406 4396 patrem,
436 4346 503 4398 qua,
537 4327 622 4409 qpod·
641 4325 764 4406 iegitin
814 4325 872 4378 iarn
889 4326 1112 4408 adversativam,
1136 4326 1187 4408 aad
1204 4344 1237 4378 aa
1255 4327 1325 4378 beno
1346 4341 1378 4376 ae

204 4393 764 4580 {strepuntnuptum:
813 4393 1382 4594 {pppis'utu‘susnsttt

225 4539 327 4578 emen
361 4563 370 4592 ,
402 4543 546 4594 anuas
593 4540 763 4582 aerumma
860 4561 869 4590 ,
952 4561 960 4579 .
