2950 4992
170 105 244 147 xxiv
611 87 947 162 PROLEGOMENA.

168 249 386 318 cccoxxxw,
414 253 512 308 endem
533 271 606 311 auno
629 275 684 328 qno
706 259 813 314 dicitnr
835 261 925 318 inisse
945 263 1104 332 praelector
1127 265 1192 322 nrlri
1215 266 1421 336 duignatrrsz
1466 302 1468 311 »

167 336 223 389 hae
249 342 342 390 anum
369 341 547 408 praefectura
573 361 637 398 enm
662 347 787 400 iunctum
810 365 873 402 erse
897 349 1086 418 intelligimus
1110 368 1144 403 ex
1170 352 1313 406 moriani
1339 355 1420 406 loco

168 437 250 489 quem
274 438 358 490 sopra
383 427 479 495 posrd,
510 447 599 498 neque
627 431 679 486 llln
703 434 815 502 qnidam
841 451 913 488 anno
938 450 992 502 qno
1020 451 1083 488 eam
1111 443 1225 505 gereret
1251 444 1418 490 mortuum

171 523 235 559 esse
251 509 344 561 elucet
362 525 395 564 ex
413 513 471 566 alio
488 514 614 571 eiusdem
629 519 779 589 scriptoris
797 521 874 585 loeo,
899 521 962 586 (lih.
982 519 1109 572 Xlll'lll.
1123 539 1148 572 c.
1167 523 1218 587 1.),
1243 523 1294 574 uhi
1309 523 1423 576 Prae—

171 597 294 647 textatus
317 611 357 648 ex
373 597 451 650 urbi
471 602 657 667 praelecto
674 606 844 676 deprecandi
858 622 945 659 canan
963 603 1068 659 dieitur
1085 605 1191 658 missus
1209 624 1273 659 ensa
1290 608 1330 660 ad
1351 609 1417 661 Va·

169 677 368 734 lentiuiannm.
404 685 461 752 Qui
478 686 506 740 in
526 687 709 759 inscriptione
727 691 779 745 illa
800 689 979 742 nominantur
995 690 1109 742 inerunt
1126 692 1269 756 conantes,
1289 692 1315 744 si
1339 710 1415 744 ero·

168 761 261 816 dimna
286 766 369 822 festia
390 773 584 828 contularihns
605 775 634 827 in
652 775 756 828 0rallii
773 776 917 828 Onomaet.
936 775 1016 828 Tull.
1034 776 1096 828 lint.
1112 775 1164 829 ΙΙΙ.
1181 794 1209 845 p.
1225 793 1314 844 cxxv,
1332 778 1413 830 anni

168 847 401 920 ccclxxxvii,
424 873 513 924 neque
531 875 603 910 nuno
619 859 784 926 inneqnenta
799 859 873 913 inter
889 860 1020 912 consules
1039 870 1212 916 memorator
1227 863 1411 916 Praetexta-

169 939 232 1002 tun,
254 938 365 993 ridetur
388 957 457 1010 ergo
479 942 530 994 illo
549 941 611 1009 ipen
631 959 702 996 anno
720 944 827 998 obiisse
845 945 920 998 diam
933 962 1108 1012 supremnmr
1137 949 1186 1002 sed
1206 947 1285 1011 ride,
1310 964 1351 1000 un
1371 954 1411 1001 ut

169 1021 351 1088 Consularin,
378 1023 430 1076 illa
451 1031 545 1078 aetate
569 1026 654 1081 etiam
672 1028 778 1084 consol
802 1032 967 1101 designatur
991 1032 1065 1086 nihil
1090 1034 1179 1088 inerit
1200 1032 1256 1085 nisi
1283 1032 1409 1086 titnlna.

168 1106 249 1159 Alina
276 1109 487 1172 Praetextatus,
516 1111 638 1166 tortasse
662 1122 758 1184 pater,
786 1116 876 1170 estis
901 1117 936 1170 de
953 1132 1008 1185 qno
1035 1107 1204 1182 haerentiam
1229 1117 1328 1188 hydas
1364 1120 1409 1170 de

167 1206 256 1244 mena.
273 1192 317 1244 lV.
336 1197 366 1244 22
389 1186 419 1248 Ὁ
437 1191 467 1250 dl
487 1193 699 1271 Πραιτέξιατος,
723 1201 826 1270 inquit,
845 1197 861 1255 d
878 1195 1066 1270 Ιιρεφιίπηιὸ
1086 1200 1233 1274 Σωκιὶιρῳ
1248 1219 1278 1256 ee
1294 1203 1337 1276 τῷ
1356 1220 1407 1257 cs·

167 1275 246 1346 Ιιστῇ
267 1276 315 1330 nni
332 1281 586 1358 ammendorp
607 1280 791 1356 αὐτοκράτορι
807 1282 952 1358 συλλαβὼν
968 1282 1013 1339 tat
1028 1287 1067 1360 τῷ
1084 1290 1208 1362 πολισμῷ
1224 1288 1275 1356 τῆς
1296 1285 1404 1342 scideri-

166 1375 251 1446 lfflvt
269 1359 373 1432 ταύτης
388 1363 492 1430 πόλεως
507 1376 560 1424 eet.
594 1369 746 1427 Familiam
771 1373 832 1426 eina
857 1371 1062 1426 nobilissimam
1086 1374 1179 1428 luisse
1200 1375 1301 1427 hlahul
1323 1374 1407 1430 dicit

167 1461 230 1498 oum
256 1448 322 1502 aliis
348 1467 381 1504 er
408 1455 492 1508 rebus
518 1463 576 1510 tum
602 1455 669 1510 inde
699 1477 782 1528 posse
806 1459 948 1528 intelligi,
974 1460 1048 1526 qnod
1066 1459 1173 1512 Panion
1188 1461 1331 1531 -Aringinn
1361 1462 1405 1514 de

166 1530 256 1587 lloma
279 1537 463 1594 subterranea
486 1541 552 1595 iibri
575 1542 616 1595 ΙΙΙ
639 1551 723 1614 capnt
744 1545 816 1598 lll'l.
841 1544 1017 1614 inscripserit
1033 1543 1239 1600 coemeterium
1259 1547 1405 1600 Praetex-

167 1615 231 1669 tati.

233 1704 260 1757 h.
296 1707 331 1773 Q.
351 1708 514 1764 Aurelius
534 1711 773 1782 Symmachus,
797 1719 832 1771 ad
856 1735 937 1785 qoem
961 1715 1046 1770 tertio
1070 1714 1116 1767 die
1135 1722 1325 1770 conuenerunt
1345 1719 1402 1783 (cl.

164 1787 220 1853 ΙΙΙ,
243 1793 289 1854 20,
313 1795 344 1852 83
371 1794 538 1861 v,a,1r.)‚
572 1799 621 1850 lib.
641 1800 664 1851 1.
686 1819 710 1852 c.
738 1806 784 1854 24.
835 1802 987 1871 Virgilium
1015 1800 1140 1855 defendit
1166 1819 1184 1854 a
1210 1802 1402 1856 contumeliis

164 1873 312 1938 Evangeli¹
333 1873 381 1926 lib.
398 1877 434 1928 ΙΙ.
454 1881 584 1946 proponit
602 1890 632 1935 ut
650 1884 793 1948 proterant
808 1892 933 1938 veterum
950 1888 1073 1940 virorum
1089 1885 1176 1953 iocos,
1193 1887 1310 1957 ipseque
1328 1906 1401 1956 per·

165 1955 293 2021 requitur
312 1957 388 2010 incon
407 1960 567 2028 Ciceronis,
595 1972 624 2017 et
646 1967 695 2018 lih.
712 1969 756 2021 IV.
779 1969 904 2034 loquitur
920 1971 955 2020 da
972 1971 1185 2023 violentissimis
1204 1972 1327 2027 inventis
1347 1975 1399 2025 vel

164 2042 255 2094 aeneia
272 2043 433 2098 rhetoricae
451 2049 524 2115 upud
546 2049 712 2118 Virgilium,
740 2059 768 2104 et
793 2051 842 2102 lilr.
859 2052 923 2117 ΙΙΙ,
947 2071 970 2106 c.
987 2059 1010 2104 l.
1030 2051 1239 2120 philosophiam
1258 2069 1275 2103 a
1292 2053 1397 2102 convi-

164 2127 220 2178 viis
240 2128 300 2180 vult
323 2129 425 2182 arceri.
460 2132 639 2188 Praetextato
661 2136 709 2188 hie
732 2136 822 2189 multo
845 2135 937 2188 notior
960 2145 1013 2190 eat.
1047 2137 1174 2204 Reliquit
1192 2137 1266 2188 enim
1291 2137 1395 2189 decem

166 2212 351 2280 epistolarum
377 2215 480 2284 libros,
513 2219 560 2286 qui
589 2221 623 2272 ad
653 2237 703 2274 noa
734 2227 936 2290 pervenerunt,
963 2224 1122 2288 multasque
1140 2220 1257 2289 scripsit
1288 2219 1398 2272 oratio-

162 2315 226 2366 nes,
255 2288 373 2368 quarum
397 2302 558 2372 fragmenta
581 2307 716 2374 quaedam
736 2305 845 2360 invenit
871 2312 956 2374 atque
979 2308 1124 2360 intudem
1147 2307 1236 2358 edidit
1261 2305 1393 2373 Angelus
1466 2302 1468 2315 '

162 2386 265 2441 Maius.
300 2386 354 2440 Sed
376 2391 465 2442 multo
483 2389 638 2444 minorihus
656 2410 741 2461 quam
756 2386 968 2445 Praetextatum
985 2411 1048 2446 eum
1074 2392 1206 2460 leudibus
1226 2390 1309 2442 cllert
1326 2391 1392 2443 Ma-

161 2473 283 2528 crobius.
318 2473 444 2544 Namque
467 2474 517 2529 lib.
539 2476 561 2530 Ι.
584 2493 645 2547 cap.
664 2482 689 2529 1.
707 2478 720 2544 l
738 2483 765 2532 «l.
787 2484 887 2545 quarto
906 2481 1017 2531 demum
1036 2480 1098 2531 loco
1115 2494 1179 2528 eum
1200 2476 1341 2538 nominat,
1359 2481 1392 2528 et

161 2567 310 2626 praeterea
331 2567 437 2616 hatum
455 2561 505 2615 lib.
525 2562 556 2613 V.
574 2582 635 2634 nep.
656 2568 679 2617 l.
697 2565 710 2632 5
726 2571 753 2616 t.
787 2565 951 2629 Eusebium,
967 2565 1017 2618 uhi
1034 2564 1069 2616 de
1087 2565 1217 2630 quattuor
1234 2563 1389 2632 generilrne

162 2645 275 2699 dicendi
293 2649 428 2716 loquitur,
444 2649 514 2701 iacit
527 2639 682 2712 dicentem:
700 2651 807 2721 Pingue
824 2659 849 2704 ct
860 2653 1000 2718 floridam,
1016 2651 1045 2701 in
1063 2666 1113 2716 pun
1134 2648 1239 2700 Plinius
1253 2650 1391 2702 Secundae

163 2733 296 2797 quondum
321 2741 345 2786 et
372 2753 454 2786 nune
483 2735 578 2787 nolio
600 2744 743 2790 veterum
764 2737 870 2789 minor
894 2745 1006 2790 noetar
1031 2733 1240 2804 Symmachus
1263 2735 1386 2788 lusorin-

163 2823 208 2867 tur
227 2816 279 2878 ¹⁶).
1234 2883 1238 2890 ¹

228 2900 270 2952 De
288 2900 349 2952 eiua
367 2899 427 2952 rita
445 2899 516 2952 satia
536 2901 626 2954 multa
648 2901 729 2953 nobis
750 2901 854 2954 tradita
873 2910 939 2956 sunt
957 2905 1030 2956 etin
1048 2905 1139 2972 ipeiun
1157 2903 1285 2972 epistolis
1307 2909 1336 2956 et
1356 2905 1385 2956 in

161 2983 258 3036 codice
275 2983 488 3050 Theodosium,
507 3002 578 3052 quae
595 2986 775 3054 collegerunt
791 2986 921 3054 Heyniua
938 2988 967 3040 in
987 2989 1134 3054 „Censura
1151 2989 1259 3058 ingenii
1280 2996 1309 3042 et
1326 3007 1384 3042 uro-

160 3086 222 3122 rum
241 3072 274 3138 Q.
295 3070 402 3124 Aurelii
416 3069 580 3137 S'ymmachi
599 3087 661 3123 com
682 3071 913 3125 memorabilibua
935 3091 969 3126 ex
989 3075 1050 3128 eius
1069 3077 1253 3143 epistularum
1273 3075 1382 3140 libris,“

161 3157 281 3224 Oposcc.
300 3157 378 3211 acad.
396 3156 450 3209 vol.
468 3155 512 3207 l'l.
531 3174 558 3222 p.
573 3159 586 3208 1
600 3174 672 3226 sqq„
690 3162 718 3208 et
735 3157 861 3226 Angelus
878 3159 971 3212 Maius
988 3161 1017 3212 in
1035 3162 1211 3230 praelatione
1226 3163 1260 3215 ad
1279 3163 1312 3228 Q.
1328 3163 1382 3214 Λιι-

160 3242 225 3294 relii
243 3242 415 3311 Symmachi.
435 3243 466 3294 l'.
483 3243 514 3296 0.
536 3245 598 3295 octo
617 3241 776 3295 orationum
795 3245 965 3298 ineditarum
983 3254 1096 3314 parter,
1124 3264 1194 3315 quaa
1217 3247 1307 3301 edidit
1324 3248 1381 3300 dle·

160 3327 268 3382 diolaui
285 3331 475 3388 MDCCCXV.
504 3332 546 3382 8⁰.

228 3415 269 3468 Ile
288 3416 350 3468 eius
373 3422 465 3472 aetate
489 3422 573 3484 atque
598 3413 753 3490 honoribus
775 3430 876 3481 ponam
897 3431 987 3481 pauca
1009 3415 1111 3469 ahlnii
1133 3417 1186 3471 illa
1209 3418 1379 3486 praelatione

159 3503 317 3570 (paraq.)
337 3509 482 3572 excerpta:
510 3502 676 3568 „Generosa
695 3501 807 3553 familia
823 3495 931 3572 Romae
947 3507 1039 3565 ortus,
1065 3501 1094 3554 in
1114 3519 1169 3569 qna
1187 3504 1379 3571 splendidissi-

158 3601 222 3638 mae
245 3588 399 3654 dignitates
421 3605 505 3654 saepe
527 3586 701 3650 floruerunt,
729 3585 880 3638 maximum
895 3593 991 3650 ‚tamen
1015 3588 1076 3654 ipsa
1094 3582 1281 3655 atirpis'sune
1297 3589 1378 3641 decue

157 3669 226 3736 luit,
252 3676 335 3738 atque
356 3673 511 3725 iunurneria
534 3670 689 3734 honoribus
710 3677 854 3725 saturatae
875 3679 927 3744 est.
975 3671 1046 3726 Nam
1069 3679 1098 3725 et
1119 3680 1252 3741 quaestor
1274 3674 1326 3726 luit
1349 3682 1377 3727 ct

156 3761 271 3824 praetor
291 3763 319 3807 et
334 3756 476 3809 Lucaniae
492 3755 724 3820 Bruttiorumque
742 3763 896 3811 corrector:
918 3765 975 3811 tum
993 3759 1118 3812 Africam
1137 3776 1188 3828 pro
1207 3759 1320 3810 consule
1334 3775 1377 3812 re·

156 3841 212 3908 xit,
229 3857 284 3909 qua
301 3843 328 3894 in
350 3839 495 3910 provincia
513 3847 620 3893 statuas
637 3849 747 3906 qouque
763 3843 879 3896 virtutis
898 3862 966 3913 ergo
981 3845 1146 3912 promeruit.
1181 3844 1316 3896 aeternae
1332 3862 1376 3896 ur·

155 3927 201 3981 his
224 3928 430 3998 praefecturam
446 3927 541 3994 quieto
561 3924 652 3978 eidem
669 3932 697 3976 et
714 3925 771 3978 iam
789 3927 897 3995 pridem
916 3945 933 3980 a
950 3930 1101 3982 desideriis
1118 3929 1256 3983 honorum
1275 3938 1375 3983 remoto

155 3997 368 4068 Valentinianus
395 4013 492 4066 iunior
516 4016 615 4080 sponte
646 4011 755 4065 detulit.
796 4011 977 4066 ordinarium
1001 4019 1068 4082 quin
1094 4015 1180 4069 etiam
1206 4016 1373 4068 consulatum

160 4161 566 4176 W

223 4239 267 4298 ιο)
287 4239 414 4294 Aliorum
437 4240 472 4292 de
495 4255 528 4292 eo
548 4237 656 4292 iudicia
680 4255 734 4292 non
761 4237 856 4291 minna
880 4239 1029 4306 splendida
1047 4240 1132 4293 affert
1143 4243 1218 4310 ring.
1239 4241 1370 4294 Maionia

171 4303 326 4358 raeiatioue
344 4310 380 4361 ad
395 4309 457 4360 aius
475 4307 632 4359 orationum
650 4306 820 4359 ineditarum
836 4316 931 4374 partes
949 4326 974 4374 p.
991 4308 1006 4358 Ι
1021 4325 1082 4375 eqq.
1116 4309 1172 4362 Sed
1189 4311 1274 4364 aliter
1292 4310 1323 4362 de
1340 4327 1370 4363 eo

149 4319 258 4423 dedicat
279 4373 424 4439 Erasmus,
443 4375 536 4442 quiin
555 4375 742 4428 Ciceroniana
760 4380 801 4441 (p.
817 4378 889 4436 141.)
907 4375 1070 4442 Bulephoro
1089 4377 1209 4430 dicenti:
1229 4380 1284 4444 „lt
1299 4377 1370 4446 Sym·

149 4437 280 4491 maehum
300 4440 327 4492 in
348 4441 478 4509 epistolia
501 4449 635 4510 argutum
653 4442 829 4495 admirantur
847 4443 992 4510 quidam‚“
1026 4447 1193 4514 respondet:
1214 4446 1368 4513 „Admiran-

150 4514 204 4572 tur‚
220 4507 321 4574 quihus
341 4510 436 4563 studio
453 4513 497 4563 est
514 4512 634 4564 moleate
650 4511 746 4578 pntiua
762 4526 845 4578 quam
863 4511 935 4564 bene
950 4511 1074 4564 dicere.“
