2950 4992
580 168 717 237 cucur
739 172 779 238 n.
903 260 908 268 Ι
1220 201 1294 246 „1¹

32 336 128 403 lpse
146 338 185 390 de
200 337 280 390 nulla
297 354 328 390 re
343 338 505 392 accuratim
522 337 665 407 dirputet‚
687 342 736 395 red
754 357 838 410 crepe
857 342 930 397 aliar
947 345 981 398 od
998 346 1197 415 dirputradam
1215 351 1294 403 erei-

34 428 100 475 tat
129 428 162 475 et
180 425 247 477 aliir
263 425 466 479 iurnrurrenda
488 425 523 491 (1,
537 427 564 489 4,
582 429 613 490 13
630 427 677 492 Vl,
694 432 720 490 7,
739 428 778 493 1.)
802 431 831 480 et
853 429 999 496 loquente·
1020 432 1228 502 interpellando
1245 437 1290 488 vel

36 523 110 559 eoa
130 508 336 578 interrogando
352 510 388 577 (l,
405 516 432 576 b,
450 514 482 571 13
499 508 524 572 l,
537 513 564 574 o,
582 510 653 575 ³31,
672 515 712 576 17,
733 516 766 576 ¹3
784 513 815 579 ll,
832 517 857 578 1,
871 517 904 579 23
921 516 953 579 V,
969 521 996 580 d,
1015 522 1060 584 ¹⁶3
1075 519 1121 583 vl,
1136 525 1211 585 t-tt;
1228 521 1289 587 Vll,

37 598 78 657 2,
105 597 137 657 1;
159 593 314 661 vlt‚1e‚r
336 596 418 663 sqq).
454 597 606 646 Praeterea
629 596 703 649 nibil
727 598 797 651 certi
822 599 858 652 de
879 616 914 653 oa
932 599 1045 656 erimar.
1080 603 1183 658 Seniue
1201 606 1289 670 (Ono-

37 684 145 730 maat.
163 679 287 733 litterar.
310 687 331 734 t;
347 682 369 732 l.
394 697 421 747 p.
438 682 524 745 4711),
547 679 662 735 Sextum
680 683 786 736 licium
807 684 924 739 Fretum
946 684 1096 749 Aviennar,
1122 689 1288 746 Arateuroru

37 769 81 815 et
110 765 304 835 Perlegereor
329 765 518 832 Dicnyoieueo
542 765 737 834 interpretem,
765 769 909 824 direrram
932 786 949 824 o
971 770 1071 824 Florio
1091 772 1197 828 Avieno
1215 780 1287 847 bpa-

37 850 195 917 logoram
212 852 363 917 reriptcre‚
382 851 456 902 bunc
475 859 569 904 eeorct
585 869 657 905 erre.

127 934 284 989 Febriciur
300 936 321 986 l.
340 951 364 986 c.
380 951 434 988 uon
457 944 533 990 recte
549 955 611 990 eum
629 943 711 992 vocat
728 940 919 994 Nicomachum
932 943 1074 1010 Anienem,
1092 962 1176 1012 quem
1194 949 1289 1016 requi·

39 1023 104 1072 tur
124 1021 244 1084 blabul,
269 1021 316 1086 qui
334 1037 395 1072 oum
413 1022 536 1075 Ponione
553 1024 572 1075 l.
589 1041 614 1076 c.
633 1030 714 1093 putat
731 1026 849 1078 eandem
866 1043 930 1080 arae
949 1045 1084 1098 aequem
1107 1032 1233 1102 legimur
1257 1035 1286 1088 in

45 1105 182 1156 Gruteri
208 1105 390 1173 inscriptione
416 1106 572 1172 eccm,
591 1112 618 1160 ³.
649 1112 680 1187 ζ.
706 1113 774 1164 Aur.
798 1114 942 1166 Aoiuaiura
969 1116 1170 1184 Symmachum,
1201 1138 1284 1188 quem

45 1189 229 1257 Symmachi
249 1192 338 1245 luiare
356 1200 462 1260 patrem
482 1210 567 1264 cupra
584 1195 715 1249 diximur.

128 1293 159 1344 g·
197 1276 342 1330 Servio·
368 1295 387 1332 o
417 1280 561 1332 Macrobio
588 1281 752 1350 depingitur
778 1286 809 1333 at
832 1282 1000 1336 adolescere
1026 1287 1189 1356 (t,u‚15.)
1214 1293 1284 1345 inter

45 1365 251 1428 grammaticor
274 1365 402 1419 doctorem
426 1383 516 1418 recena
533 1369 683 1434 profereus,
714 1367 791 1418 iuxta
814 1366 937 1419 doctrina
958 1370 1088 1425 mirabilir
1110 1382 1136 1428 et
1160 1380 1284 1432 amabilis

43 1448 233 1514 verecundia,
258 1450 306 1516 qui
323 1451 417 1518 (ibid.)
434 1450 637 1520 Symmachum
658 1455 686 1502 et
703 1449 854 1503 Caecinam
870 1452 1003 1507 Albinum
1020 1457 1056 1508 ed
1073 1460 1283 1516 Proetextrtum

45 1529 162 1585 dicitnr
185 1551 250 1588 erre
271 1543 387 1590 recutur
408 1546 506 1590 terram
524 1537 630 1587 intuere
647 1543 673 1588 et
687 1537 761 1588 velut
779 1536 875 1587 latenti
891 1538 994 1592 rimilir.
1030 1542 1205 1600 verecundia
1221 1549 1283 1603 einr

45 1619 1282 1698 ωωωωὴπωῆῄἣΠΛΗΕΠΛηώΗῇώω”ηῃἅψῃ,

48 1702 132 1767 quit,
162 1721 216 1758 rron
240 1709 325 1760 rolum
347 1709 555 1760 adolereentiuar
575 1707 622 1775 qui
648 1706 698 1760 tibi
724 1706 854 1772 aequaevi
876 1715 952 1773 ruat,
985 1712 1032 1764 red
1059 1731 1152 1768 renum
1179 1736 1282 1789 queque

49 1793 174 1840 omnium
198 1793 359 1860 doctirrr'me,
388 1793 564 1845 committentia
584 1795 698 1855 frontem
718 1795 771 1842 cat.
806 1789 927 1844 Avienus
950 1795 1010 1862 (l'l,
1034 1803 1064 1863 7,
1082 1802 1119 1866 4.)
1143 1805 1279 1860 dorum„

48 1875 204 1926 marimum
225 1893 288 1928 euru
312 1883 406 1943 vocet,
431 1884 460 1928 et
475 1877 595 1930 Caeciae
615 1876 735 1930 Albiana
759 1876 820 1942 (Vl,
837 1881 864 1941 d,
883 1879 922 1945 1.)
937 1897 1000 1934 eam
1019 1883 1089 1938 dicit
1102 1891 1198 1943 cotidie
1218 1893 1276 1946 Ro·

46 1975 154 2012 moaae
171 1963 258 2014 indoli
274 1979 399 2016 eaorrare
416 1965 526 2016 eundem
541 1971 638 2026 uatem,
655 1963 675 2015 i.
689 1979 714 2014 e.
733 1961 895 2030 Virgilium,
913 1970 945 2017 ut
962 1967 1085 2026 dubitari
1104 1992 1158 2029 aon
1175 1979 1276 2044 poerit,

45 2046 121 2111 quin
148 2048 311 2102 Macrobioe
340 2065 393 2102 non
417 2049 504 2102 aliurn
533 2049 588 2102 uiri
614 2049 745 2102 blaarnru
771 2050 854 2101 illum
881 2049 1010 2107 Servium
1041 2057 1218 2116 Honoratam
1245 2065 1275 2116 ia

45 2131 147 2184 animo
163 2134 312 2200 babuerit,
329 2136 377 2202 qai
396 2137 553 2204 cornpoauit
570 2136 667 2188 eadem
685 2135 738 2188 illa
756 2141 850 2188 aetate
869 2137 911 2201 ¹⁶)
931 2145 1147 2199 commentario·
1166 2147 1194 2200 ia
1212 2149 1276 2202 Vir-

45 2217 165 2286 gilium,
182 2221 231 2273 red
249 2221 399 2274 ridiculum
418 2227 471 2287 eat,
490 2221 563 2288 qaod
580 2227 677 2275 cunrat
692 2221 794 2274 blabul
813 2222 934 2275 torturae
955 2225 1027 2278 lraee
1048 2230 1192 2298 colloquia
1209 2251 1275 2287 eam

45 2305 202 2358 adduxirre
228 2309 263 2360 ud
287 2309 359 2360 illud
382 2325 453 2377 opur
477 2309 715 2375 componendum,
739 2308 870 2374 quoniam
887 2308 1049 2364 blrerobiar
1071 2315 1112 2372 (in
1135 2318 1225 2382 prael.
1246 2325 1275 2371 et

43 2389 102 2442 lib.
120 2392 142 2454 Ι,
161 2408 184 2446 c.
203 2398 239 2458 1.)
262 2395 325 2448 lnce
346 2396 452 2448 clarino
470 2395 594 2446 cotendit
610 2394 683 2447 baec
701 2391 843 2459 colloquio
865 2407 883 2444 a
906 2411 937 2445 ae
960 2413 1022 2448 erre
1042 2398 1126 2462 lietu,
1148 2406 1178 2453 et
1201 2419 1274 2468 queo

43 2475 102 2526 ille
123 2486 259 2533 memoret
273 2481 374 2532 iirdem
393 2480 453 2532 lere
470 2478 567 2530 verbio
590 2483 672 2544 etque
694 2476 722 2528 in
740 2477 802 2528 illio
817 2480 1026 2532 commeatoriir
1044 2482 1170 2551 prelata,
1199 2502 1234 2538 ea
1255 2504 1273 2542 a

40 2561 174 2617 Pantauo
199 2583 264 2619 erre
285 2563 433 2632 auppaaita
457 2563 533 2615 inira
560 2562 726 2616 ridebimur.
762 2562 896 2628 Disputat
920 2570 1013 2618 uatem
1037 2567 1153 2621 Serviur
1174 2570 1224 2624 lib.
1248 2573 1272 2639 l,

43 2646 1269 2716 cstmssfflbmwwwmmmmmfflbhmwmmmffl

39 2734 190 2786 fructuum
215 2735 385 2802 gener-ibae,
414 2734 465 2786 lib.
483 2733 532 2800 Vl,
552 2750 575 2784 c.
592 2736 618 2784 c.
646 2732 680 2783 de
698 2732 734 2784 iir
753 2749 826 2798 quae
842 2733 980 2802 Virgilian
1005 2737 1144 2792 invenerit
1166 2743 1268 2808 quibar

38 2817 1267 2890 mmmhffiwmmmmmmbbmmfflumffimffimmwm

40 2903 116 2971 gilii
131 2904 201 2956 looia
218 2907 366 2973 rerpundet
382 2905 661 2974 interrogationibur.

116 2990 145 3041 b.
179 2991 388 3044 Enrtutbiur
408 2992 540 3059 (1,6,·4)
560 2991 637 3044 veuit
656 2989 892 3055 cimmeriam,
923 2990 971 3059 qui
991 2992 1125 3049 dicautur
1144 3015 1198 3068 par
1221 3002 1280 3063 ias

39 3076 151 3145 irrigue
170 3078 305 3129 amicitiae
310 3095 321 3139 ,·
337 3094 400 3129 eum
420 3077 511 3144 ipsum
531 3077 635 3129 cetaria
652 3077 830 3130 commendat
848 3076 956 3130 l'ettiur
975 3079 1014 3144 (l,
1030 3085 1062 3146 ⁶,
1080 3085 1113 3133 13
1128 3085 1200 3150 aqq.)
1218 3085 1264 3138 hir

38 3163 151 3214 verbis:
176 3165 328 3230 quitantur
344 3166 372 3214 ic
389 3164 460 3214 omui
476 3179 574 3233 genere
588 3163 773 3230 pbilorepliiae
790 3171 846 3224 eet,
864 3170 895 3216 ut
911 3165 983 3217 oolur
997 3167 1072 3218 nobie
1087 3179 1266 3236 repraereatet

40 3245 154 3316 ingenio
168 3250 246 3303 trium
262 3248 474 3317 plrilaraplrorum
490 3251 523 3300 de
539 3249 633 3314 quibua
647 3255 741 3300 nootra
758 3250 907 3315 antiquitar
920 3252 1041 3320 gloriata
1059 3261 1108 3317 art,
1125 3288 1134 3304 .
1151 3289 1160 3306 .
1177 3290 1186 3306 .
1204 3274 1263 3308 cuer

39 3341 129 3386 rector
155 3351 240 3384 omnen
266 3344 400 3387 arreeutur
426 3335 473 3386 red
499 3334 701 3402 probabiliorem
729 3341 834 3387 necuter
855 3337 904 3399 rit,
936 3338 1076 3402 omniaque
1101 3339 1168 3390 boec
1194 3341 1264 3392 iuter

45 3417 160 3470 Graecae
174 3435 274 3488 genero
293 3420 398 3471 dicendi
413 3420 484 3472 eolue
501 3421 624 3488 impleatr
653 3421 722 3472 inter
743 3437 793 3472 aar
814 3429 903 3473 tamea
925 3422 966 3473 ito
982 3423 1026 3472 rui
1044 3422 1160 3488 locuples
1177 3425 1260 3476 iater-

38 3519 102 3570 prer
123 3513 166 3569 ert,
183 3514 212 3559 ut
229 3507 331 3558 acaciae
349 3521 402 3573 qua
419 3506 518 3575 lingua
531 3507 643 3571 sociliur
660 3506 703 3558 cel
720 3507 842 3558 amatim
858 3506 963 3573 expleat
980 3521 1086 3574 operam
1105 3508 1258 3564 dirueremli.

39 3589 213 3643 Platonicam
237 3591 318 3643 illum
344 3599 451 3645 rectum
473 3608 536 3642 esre
556 3592 758 3658 probabiliorem
775 3592 841 3645 inde
868 3592 976 3654 elucet,
1004 3592 1076 3658 quod
1095 3592 1158 3657 (lib.
1179 3595 1215 3662 ll,
1231 3603 1258 3664 8,

40 3677 128 3744 brqq.
145 3684 171 3728 et
189 3676 246 3728 Vll.
267 3695 291 3729 c.
309 3682 350 3742 15,
367 3679 381 3745 ξ
396 3681 428 3728 14
438 3679 509 3744 sqq.)
527 3676 674 3729 Platonem
688 3676 816 3729 deieadit
833 3678 869 3729 ub
883 3677 1022 3746 Evangeli
1039 3684 1070 3731 et
1085 3679 1191 3734 liirurii
1209 3686 1258 3737 cb·

41 3761 263 3814 trectetionibar.
287 3762 391 3815 Furiae
405 3763 552 3829 (vllam.)
567 3781 630 3815 eum
647 3763 683 3815 ud
696 3763 844 3816 dicendum
855 3763 993 3816 excitarer
1015 3766 1125 3831 Quiete
1141 3769 1257 3835 unicum,

44 3847 180 3910 Eurtotbi,
201 3847 304 3915 inquit,
328 3856 480 3901 certatorem
499 3849 681 3917 plriloropirioe
697 3857 790 3903 nostra
810 3857 887 3902 cetae
904 3851 981 3916 tulit,
1006 3856 1061 3903 cet.
1096 3851 1255 3918 llirpututio

42 3933 100 3986 einr
119 3933 280 4002 praecipua,
300 3951 372 4001 quoe
393 3940 454 3986 erut
475 3935 509 3986 de
527 3935 641 4003 Virgilii
661 3935 837 4005 urtrologire
855 3941 884 3989 et
903 3937 1103 4004 pbilaraplriae
1126 3937 1254 3999 rcientia,

42 4015 191 4072 intercidit:
211 4021 384 4073 demonstrat
400 4026 547 4088 proetereu
563 4021 624 4087 (lib.
635 4021 657 4076 l.
667 4039 689 4074 c.
703 4027 744 4088 lu,
756 4023 771 4089 i
781 4025 900 4091 dflrqq.)
917 4024 984 4090 quid
994 4022 1084 4076 lalinr
1102 4019 1208 4072 caesor
1224 4021 1253 4072 in

44 4087 1253 4175 mmmmmmmmmafflmmffibstefflmfflmmmmm

44 4185 199 4246 libidinibur
226 4181 378 4248 statuerint
409 4194 489 4248 Pluto
515 4193 682 4248 Aristotelea
711 4194 915 4262 Hippocrater,
944 4191 1006 4255 (lib.
1032 4189 1062 4238 V.
1085 4203 1127 4237 ec.
1152 4190 1250 4259 2-22.)

46 4271 1250 4348 qmmemmmmmummfflmffmstmcmmmmmmm

47 4363 133 4424 epulor
147 4379 205 4416 erre
222 4367 440 4433 admittendam,
471 4369 507 4434 (o.
525 4367 562 4433 1.)
589 4368 690 4433 quibua
714 4359 986 4428 interrogationibur
1009 4358 1184 4414 delectentur
1206 4362 1249 4416 in·

44 4467 434 4491 Μ

108 4541 149 4598 u>
163 4537 204 4591 cr.
223 4541 286 4595 rra.
309 4499 393 4594 nio„
413 4543 506 4611 puer.
528 4544 563 4596 ar
584 4543 664 4596 serv.
685 4557 712 4607 p.
729 4539 761 4590 v.
797 4538 819 4591 1.
841 4538 892 4591 cn.
915 4537 947 4592 n.
969 4538 1066 4594 einr
1092 4539 1194 4593 ceren.
1218 4539 1244 4588 r.

47 4595 117 4657 litim.
133 4605 181 4658 bin
198 4624 224 4659 v.
241 4609 264 4674 l,
285 4627 313 4677 p.
330 4614 391 4663 2³7.

1404 4578 1458 4604 fi
