2950 4992
199 188 338 255 eoum.
357 187 403 254 ru
423 182 670 252 soumisen.
712 186 788 250 nm.
809 188 848 251 n.
892 188 982 254 ear.
1007 189 1089 254 vnr.
1111 190 1167 255 rx.
1213 164 1271 261 ris

105 380 240 427 merum.
256 358 356 442 ipsum
388 364 419 420 et
445 356 478 420 m
508 353 653 419 omnibus
679 354 865 421 imitatorem
894 356 964 421 eius·
986 358 1148 429 Maronem
1183 384 1274 450 saepe

108 447 184 513 tales
206 453 340 509 mutasse
363 440 535 526 particulas.
594 445 659 517 An,
694 440 777 525 quod
801 441 876 505 mihi
898 462 972 507 vero
994 446 1120 529 propius
1144 448 1303 527 videtur‚6
1407 488 1413 495 ,

101 554 161 621 per
180 532 280 597 ambus
301 550 357 614 pro
379 530 458 593 sister
478 528 579 590 ardus
602 525 699 591 voluit
719 526 877 611 intellegi?
920 526 1071 605 Zodiaeus
1090 533 1181 609 enim,
1194 536 1276 601 inter

107 618 211 683 ambas
229 615 413 700 temperatas
430 611 572 694 soluitur,
593 633 656 676 non
677 633 732 697 per
753 613 872 677 ambas:
891 611 1082 677 familiariter
1101 626 1202 685 autem
1217 644 1277 706 per

108 725 164 790 pre
186 704 264 767 sister
286 720 401 787 ponere
423 697 510 773 solet,
532 698 612 763 sieut
633 697 705 763 alibi
728 717 868 784 quoque:

195 789 444 872 Circum-perpes
464 784 541 847 duas
562 786 597 849 irs
617 806 729 849 morem
741 784 882 872 ¹fluminis
900 782 1012 847 Aretes.

110 876 220 960 Neque
240 872 323 941 euim
342 869 462 954 unguis
484 869 622 935 sidereus
638 875 751 935 Arctos
772 878 868 935 secat:
883 868 953 945 sed,
974 868 1046 933 dum
1069 878 1100 935 et
1123 871 1304 957 amplecti-7

108 970 161 1026 tur
183 970 214 1025 et
234 956 415 1030 intervenit,
440 955 555 1019 eireum
583 976 635 1021 eas
655 965 688 1020 et
709 956 790 1034 inter
811 976 862 1021 eas
883 954 1031 1032 volvitur,
1056 978 1119 1021 non
1142 978 1204 1044 per⁶
1218 980 1280 1025 eas.

107 1048 192 1131 Ergo
219 1049 323 1129 potest
349 1049 489 1106 constare
516 1041 605 1106 nobis
632 1040 820 1117 intellectus,
860 1040 885 1103 si
909 1062 966 1125 per
988 1043 1088 1107 aneas
1115 1064 1171 1128 pro
1199 1046 1278 1111 auter

108 1132 209 1196 eudes
231 1149 318 1193 more
345 1125 441 1211 ipsius
468 1136 576 1211 poetae
605 1126 721 1191 dietum
748 1125 967 1190 existimemus.
1010 1128 1107 1193 Nobis
1133 1130 1215 1211 aliud
1238 1130 1306 1203 adit

110 1214 320 1280 defensionem
342 1212 422 1276 ultra
444 1212 519 1276 haee
536 1233 616 1297 quae
638 1212 856 1279 diximusnon
877 1210 1018 1275 occurrit.
1062 1210 1177 1279 Verum
1200 1238 1277 1302 quo·
1319 1232 1320 1237 ’

110 1299 247 1370 niamin
271 1298 373 1363 medio
393 1298 563 1383 posuimus,
584 1320 663 1383 quos
685 1298 761 1362 fines
786 1317 956 1381 numquam
978 1296 1026 1361 via
1048 1298 1121 1362 solis
1142 1302 1277 1380 excedat,

111 1385 307 1450 manifestum
329 1390 376 1462 est
397 1392 500 1448 autem
521 1384 675 1459 omnibus,
696 1382 771 1467 quid
792 1384 881 1448 Maro
903 1380 1024 1460 dixerit,
1045 1404 1138 1468 quem
1160 1394 1280 1453 constat

108 1471 224 1536 erroris
247 1471 401 1555 ignarum:
438 1470 504 1533 erit*
521 1469 636 1553 ingenii
659 1468 850 1553 singulorum
878 1466 1029 1547 invenire,
1062 1468 1135 1553 quid
1158 1472 1328 1559 possitpsa]

111 1557 242 1644 amplius
263 1577 319 1643 pro
341 1554 526 1620 absolvenda
546 1554 604 1619 hue
626 1554 805 1640 quaestione
824 1552 966 1617 eonierri.

195 1644 252 1707 lx.
294 1641 352 1706 His
374 1661 508 1726 quoque,
530 1648 566 1705 ut
585 1640 727 1716 arbitror,
749 1660 810 1703 non
833 1646 932 1703 otiosa
958 1638 1147 1726 respectione
1171 1604 1313 1722 traete-l·

110 1727 151 1793 tis
176 1749 259 1794 nune
280 1727 318 1792 de
344 1746 460 1792 oceano
487 1725 570 1812 quod
595 1725 793 1812 promisimus
820 1730 1010 1801 astruamus,
1048 1746 1110 1803 non
1133 1747 1197 1793 uno
1221 1727 1285 1791 sed.

899 1892 982 1955 [Edd.
1007 1868 1211 1964 vieelt'gspdab.
1266 1870 1269 1876 ,

112 1997 173 2049 r-g.
192 1982 337 2032 -seimus
354 1980 437 2032 euim
454 1979 485 2030 C.
504 2010 538 2018 -
552 1979 637 2030 iuius
651 1980 732 2030 s-bP.
748 2006 783 2017 -
799 1987 977 2045 permutasse
994 1976 1024 2029 F.
1060 1989 1204 2033 mutuasse
1224 1982 1282 2051 ehg

113 2054 148 2115 (g
165 2048 192 2099 in
211 2065 267 2117 mg.
284 2054 423 2108 mutasse).
575 2050 599 2098 6.
634 2064 696 2097 vero
716 2047 839 2097 deletum
858 2053 901 2096 eet
920 2046 947 2095 in
967 2046 1016 2097 Rl.
1034 2051 1220 2118 -proprias
1239 2050 1281 2101 Rss

113 2115 173 2167 1r0.
195 2145 230 2153 —
250 2118 372 2186 intellegi
389 2116 474 2167 uoluit
491 2114 522 2165 0.
549 2133 576 2152 -·-
606 2110 720 2181 Circum]
741 2114 968 2181 Georg.1‚245·
995 2142 1023 2152 -
1048 2116 1116 2167 dues
1135 2135 1196 2184 sup.
1216 2120 1280 2170 add.

112 2185 165 2235 Rl.
318 2190 342 2236 7.
377 2186 493 2235 sidereus
511 2184 611 2252 ungarie
627 2182 660 2233 F.
678 2208 701 2221 -
726 2184 789 2234 dum
803 2183 970 2251 amplectitur
985 2188 1052 2243 (eru.
1069 2189 1107 2244 et)
1124 2185 1155 2235 F.
1171 2216 1205 2225 —
1219 2204 1281 2237 eora-

111 2261 185 2308 aare
199 2260 286 2319 potest
303 2253 379 2305 uelis
396 2252 427 2303 F.
466 2252 642 2320 potestastis
658 2259 777 2303 constare
798 2250 851 2299 Rt.
872 2276 906 2288 -
926 2267 974 2317 per
991 2252 1082 2301 ambas
1100 2253 1128 2301 s'.
1145 2270 1195 2320 pro
1212 2255 1282 2305 iuter

111 2322 265 2375 emtasvr.
416 2324 442 2372 8.
477 2322 514 2374 ad
532 2320 710 2386 defensionem
729 2319 805 2369 eliud
826 2318 879 2368 lte.
901 2318 928 2355 '-
955 2319 1065 2369 excedit
1086 2318 1119 2369 Β.
1137 2348 1170 2357 -
1193 2328 1281 2373 autem

111 2397 151 2441 est
168 2390 286 2440 omnibus
302 2388 353 2439 Re.
394 2396 433 2439 est
449 2390 567 2438 omnibus
587 2396 675 2437 autem
693 2403 717 2436 v.
743 2415 777 2423 -
805 2385 870 2451 puid
887 2401 935 2451 pro
953 2386 1113 2435 absolvenda
1130 2387 1180 2439 lae
1197 2406 1280 2455 puae-

110 2459 195 2509 stiooe
210 2458 295 2523 poerit
311 2457 427 2521 amplius
441 2456 491 2505 tte.
506 2483 541 2491 -
562 2455 677 2517 conferri
692 2452 736 2502 CF
754 2452 794 2513 (G
810 2468 871 2517 sup.
892 2452 956 2511 lin.)
974 2452 1179 2517 v-ng01.Tn.
1220 2474 1282 2507 eau-

107 2526 202 2590 siteri
221 2521 517 2574 BSPthGmOHllr
536 2522 628 2587 „qnod
647 2521 694 2570 hie
713 2519 819 2569 nullius
837 2518 948 2569 ridetur
967 2534 1030 2567 esse
1047 2520 1161 2584 pretii.“
1180 2522 1266 2574 Zeun.

180 2590 229 2641 lx.
270 2592 355 2656 Caput
379 2590 428 2639 lX.
466 2590 526 2639 Nou
545 2605 612 2648 uuo,
645 2589 690 2638 sed
708 2588 814 2655 gemine
834 2586 925 2636 oceuui
943 2586 1042 2637 ambitu
1062 2594 1160 2638 terram
1182 2607 1282 2641 omnem

113 2658 283 2721 circumfluis
308 2665 333 2707 et
350 2656 478 2722 quomodo
496 2663 615 2723 auguste
634 2660 811 2721 (angustata
830 2652 899 2720 eleg]
917 2654 1067 2716 uerticibus,
1093 2656 1283 2723 latier‘lateri·

113 2726 170 2788 tus,
185 2726 219 2775 sit
237 2723 390 2775 talitatttts
406 2730 511 2774 nostru:
526 2730 580 2773 tum
598 2723 631 2772 de
648 2724 690 2773 eri
730 2722 795 2773 itate
812 2722 912 2785 oceani,
931 2737 1006 2789 quem
1025 2739 1073 2773 uos
1090 2740 1219 2793 maguum
1236 2746 1283 2779 ve-

113 2809 211 2844 tamus.
242 2791 321 2841 eta-b.
472 2792 497 2841 1.
530 2739 808 2857 promisensium,
837 2788 898 2855 §tt
925 2816 953 2826 -
983 2796 1139 2843 astruemus
1163 2810 1225 2863 v-g.
1248 2822 1281 2835 -

148 2962 173 3009 5.
209 2958 352 3009 Homerum
375 2992 396 3007 ..
417 2963 498 3024 saepe
518 2956 586 3009 tales
615 2976 674 3011 mu·
759 2962 784 3008 t.
820 2957 926 3074 Aepulo
943 2957 1069 3025 sidereus]
1087 2958 1129 3011 ct.
1147 2961 1170 3027 l,
1194 2965 1236 3028 12,
1256 2968 1282 3013 8.

114 3034 185 3079 tasse
198 3024 355 3093 particulae]
379 3025 495 3089 „Recte
532 3024 611 3089 Quod
631 3027 674 3076 in·
729 3028 822 3078 Crater
839 3028 884 3077 ile
901 3026 1061 3077 sidereus.

114 3094 215 3163 primis
232 3089 307 3174 velet
322 3094 356 3144 de
373 3092 514 3159 particula
525 3087 590 3160 ivai,
603 3111 674 3161 quae
758 3092 880 3161 conferri]
898 3093 960 3143 Hoc
979 3095 1103 3156 verbum,
1123 3094 1194 3161 quod
1213 3112 1283 3161 peu-

114 3164 171 3214 huc
195 3169 337 3229 pertinere
361 3162 502 3212 ridetur.“
528 3161 615 3213 Zeus.
638 3191 674 3201 -
724 3160 751 3213 ei
781 3161 858 3229 iique
886 3160 1040 3213 deteriores
1067 3163 1178 3215 codices
1202 3163 1284 3215 exhi-

113 3232 203 3283 Immo
242 3231 298 3281 hue
338 3228 461 3297 pertinet
499 3230 674 3297 praepositio
723 3232 807 3294 bant,
839 3229 969 3296 speciosa
1000 3228 1141 3281 facilitate
1167 3249 1284 3299 suspee-

116 3300 227 3351 Graeea
243 3295 304 3364 διὰ,
322 3299 470 3361 ‚amississet
489 3298 608 3359 dmeh“‚·
636 3300 673 3349 ei.
725 3306 783 3361 tum
799 3304 858 3360 eet,
891 3299 1067 3363 nequeuntis
1086 3316 1148 3352 eum
1167 3317 1200 3352 eo
1218 3316 1283 3351 oon·

116 3367 219 3434 Odyss.
242 3360 356 3434 s'‚391.
377 3358 395 3431 ἡ
418 3358 611 3417 didiscistis
632 3362 675 3433 ἐρ·
723 3366 803 3418 venit
826 3364 997 3432 praepositio
1023 3382 1090 3433 pro,·
1125 3368 1283 3431 putaverim

113 3429 224 3501 χυμένη.
304 3474 309 3483 .
724 3434 799 3487 enim
820 3434 995 3483 Macrobium
1024 3433 1163 3485 dicturum
1194 3434 1285 3486 fuisse

149 3506 175 3552 6.
204 3500 381 3567 familiariter
415 3507 503 3550 autem
536 3516 593 3565 per
626 3518 675 3567 pro
725 3504 767 3554 ud
796 3502 983 3553 absolvendum
1010 3500 1079 3555 haue
1106 3504 1285 3570 quaestionem

115 3570 202 3621 iuter
218 3586 316 3635 ponere
337 3566 411 3635 solet]
438 3566 581 3617 Fontanus
603 3567 676 3619 haee
725 3570 848 3633 sortiarii.
884 3570 919 3621 at
937 3569 1067 3635 confiteri,
1086 3571 1157 3636 quod
1178 3570 1286 3639 legitur

114 3636 273 3690 adnotavit:
305 3634 676 3700 ‚mecetiurt’eunum-
725 3637 754 3689 in
774 3636 856 3688 libris
874 3653 941 3687 mss.
958 3635 1115 3703 plerisque,
1147 3640 1175 3691 id
1194 3640 1286 3692 fateor

115 3704 191 3758 biter
208 3704 259 3755 illo
277 3720 361 3755 versu
377 3702 412 3770 [e‘.
432 3700 515 3768 122.]:
726 3722 771 3757 me
791 3704 972 3771 interpretari
993 3722 1046 3756 non
1068 3724 1167 3772 posse,
1201 3725 1285 3774 quum

318 3779 353 3811 -'
373 3772 436 3832 Nee,
452 3786 527 3837 uaga
541 3770 642 3836 passim
725 3774 781 3825 hoe
793 3774 909 3824 verbum
928 3774 1089 3825 necessario
1108 3777 1285 3828 referendum

117 3839 245 3896 Flumina
266 3856 322 3907 per
344 3848 421 3892 notus
444 3838 518 3890 itaut
537 3838 678 3890 morientia
727 3847 804 3893 esset
827 3842 861 3893 ed
884 3842 1031 3909 ingenium.
1067 3842 1136 3893 Vide
1159 3860 1227 3910 ergo
1251 3860 1286 3894 ne

157 3948 160 3953 .
352 3914 357 3927 ·
421 3906 505 3973 ripas.
727 3910 878 3977 legendum
907 3908 946 3959 sit
975 3911 1095 3975 confieri,
1127 3928 1202 3974 „was
1231 3910 1287 3962 siole

118 3976 179 4028 Per
196 3982 274 4026 uelat
288 3973 372 4040 ripas,
390 3970 418 4022 id
436 3979 480 4023 eti
493 3974 583 4023 inita
596 3972 689 4039 ripa&
720 3980 774 4042 seir
791 3978 894 4029 weitere
915 3977 1053 4029 Resultate
1072 3979 1212 4046 gewiuneu
1230 3978 1287 4029 las-

115 4043 176 4097 Non
195 4043 359 4105 manebant‚
381 4040 485 4106 inquit,
508 4039 582 4090 intra
600 4041 678 4107 ripas
728 4046 802 4097 ,ρπβ
824 4046 915 4103 ¹Fieri
937 4051 964 4095 et
979 4047 1052 4107 ferri
1079 4046 1152 4097 alias
1177 4062 1286 4112 quoque

116 4128 183 4170 ΨΜ
201 4110 329 4171 flumina,
347 4110 453 4175 Pflttlm
469 4124 551 4174 vaga·
585 4108 678 4159 Mtni·
728 4112 861 4173 eoniu'ndi
881 4130 915 4168 ex
934 4113 989 4164 hoe
1007 4112 1068 4179 ipso
1089 4112 1182 4180 eapite
1201 4112 1228 4179 (ᾗ
1246 4118 1286 4174 2.]

115 4180 208 4249 lienps
224 4192 321 4231 versus
337 4178 388 4229 tit.
400 4177 446 4227 lv.
467 4175 678 4227 Astredsmieorr
706 4206 710 4210 ·
727 4187 820 4248 potest
834 4180 1033 4233 demonstrari..
1064 4180 1194 4235 Ceterum
1214 4182 1287 4234 coni.

119 4248 175 4311 [ed.
199 4246 275 4297 Suel.
300 4263 327 4313 p.
355 4248 418 4309 102,
446 4260 472 4297 v.
496 4248 531 4295 25
553 4243 606 4312 sq.]
629 4245 681 4296 irie
728 4267 753 4299 e.
770 4251 803 4313 3,
826 4249 882 4313 §2
901 4266 970 4315 quae
987 4251 1090 4314 confit
1112 4268 1143 4302 er
1159 4250 1286 4317 omuibup,

119 4314 296 4366 adumbravit
312 4312 475 4366 Petronius:
727 4316 787 4369 Sat.
804 4315 828 4377 l,
845 4318 887 4381 14,
908 4320 947 4367 1³.
964 4322 992 4368 et
1010 4322 1050 4379 15,
1070 4322 1093 4369 l.
1111 4317 1156 4385 pui
1173 4335 1204 4369 ea
1221 4335 1286 4387 pua·

121 4380 209 4432 Dones
224 4382 253 4432 irs
270 4385 421 4452 Aegyptum
439 4380 549 4431 redeant
566 4387 678 4433 curuata
728 4384 867 4465 drautilus
882 4386 998 4451 sensit.
1035 4384 1234 4457 Vidffleruog.
1251 4385 1287 4445 ut

121 4502 241 4579 titensa,
260 4515 373 4568 Niliacis
389 4465 483 4597 iteisisis
495 4448 678 4588 ludilonem
719 4451 875 4591 (iiiiiildrliu
887 4452 1289 4591 BinGdisJl'diliueffieoriiiiii
1395 4490 1399 4495 -

422 4586 517 4652 rrpss.“
729 4588 928 4643 animaduertit.
