2950 4992
109 161 186 228 v111
625 186 818 232 rsssrsrro.

113 329 188 397 mibi
215 331 367 418 expedivit
390 333 424 398 F.
451 333 682 416 rmancmm,
706 336 761 424 qui
785 336 824 403 de
845 335 1045 422 benignitate,
1070 353 1132 419 qua
1154 333 1331 402 adolescen-

113 432 170 498 tuli
195 433 296 499 studia
321 443 439 500 rexerat
467 443 560 522 atque
590 447 655 504 erat
685 439 875 518 moderatus,
908 436 982 502 nihil
1013 435 1234 502 detrahendum
1265 458 1333 504 csse

115 535 233 621 putavit
253 536 292 616 ei,
315 536 403 602 cuius
425 537 561 604 animum
583 558 711 628 corpore
729 541 768 607 ab
790 541 887 607 oculis
907 539 970 605 suis
990 547 1109 604 remoto
1128 539 1239 604 merito
1258 560 1332 604 con-

116 636 224 703 fideret
251 659 313 703 non
341 660 408 705 esse
432 660 450 705 a
475 661 508 706 se
532 642 746 708 abalienatum.
788 644 837 710 Er
861 643 910 708 his
937 641 987 706 alii
1012 641 1051 706 ad
1073 663 1123 707 me
1145 641 1333 719 missisunt,

115 738 191 803 alios
217 739 373 806 Monachii
400 764 419 808 a
447 764 497 809 me
522 752 647 828 rogatus
671 744 803 831 inspexit
829 743 1077 821 C.h1ncumus,
1117 743 1333 809 dilectissimus

115 842 270 925 quondam
298 865 385 910 meus
408 844 588 929 discipulus,
620 865 701 911 nunc
732 845 853 911 scholae
879 844 1031 930 Spirensis
1055 844 1206 931 magister.
1256 845 1331 908 Edi-

114 942 214 1009 tiones
246 945 320 1010 alias
352 944 469 1010 vicinae
501 943 575 1009 mihi
608 947 879 1032 suppeditaverimt
912 945 1127 1024 bibliothecae,
1165 946 1236 1012 alias
1267 946 1332 1031 ipse

117 1066 225 1110 coemi.

200 1245 257 1311 liis
289 1246 432 1312 subsidiis
463 1248 630 1316 instmctus
660 1251 822 1318 consilium
853 1259 977 1339 captum
1008 1270 1057 1316 me
1086 1270 1177 1336 posse
1207 1251 1333 1337 exsequi

117 1347 291 1433 sperabam,
321 1349 414 1437 idque
437 1352 536 1439 palam
558 1373 625 1419 esse
646 1353 740 1432 volui,
761 1375 801 1420 ne
819 1354 931 1420 iterum
953 1352 1041 1431 mihi,
1071 1351 1102 1416 id
1120 1351 1204 1437 quod
1225 1353 1258 1417 in
1279 1353 1333 1419 Se-

117 1470 192 1515 neca
218 1453 293 1519 mihi
316 1473 377 1519 usu
398 1462 535 1533 venerat,
561 1456 726 1535 accideret,
751 1464 788 1522 ut
809 1478 878 1525 sero
900 1475 1116 1541 cognoscerem
1138 1454 1177 1519 ab
1196 1453 1256 1520 alio
1278 1453 1334 1520 du·
1456 1482 1464 1498 ·

117 1551 191 1617 dum
210 1566 371 1644 praerepto
395 1580 444 1625 me
466 1575 591 1648 opernm
615 1577 725 1626 natare
748 1559 882 1646 negotio.
924 1557 995 1626 fleo
1017 1556 1135 1622 institui
1155 1556 1199 1643 ²),
1229 1556 1334 1622 simid-

118 1672 179 1739 que
202 1659 319 1742 rogavi,
349 1667 397 1739 ut,
429 1663 454 1726 si
480 1662 548 1748 quis
570 1661 644 1746 quid
666 1661 877 1750 haberetque
900 1683 968 1728 mea
990 1679 1084 1748 opera
1106 1658 1274 1738 iuraretur,
1304 1659 1335 1724 id

119 1777 239 1822 mecum
263 1761 511 1826 communicaret.
545 1762 609 1828 Nec
631 1761 688 1827 luit
708 1763 768 1830 hoc
790 1765 920 1832 irritum.
954 1763 1032 1831 Nam
1051 1761 1134 1826 Killa
1151 1762 1209 1826 lin.
1230 1762 1335 1850 Ossa·

118 1879 354 1938 successuros,
384 1880 465 1926 nune
495 1858 650 1945 professor
670 1862 872 1947 llorpatensis
894 1867 1128 1950 Russorumque
1154 1863 1336 1950 Imperatori

118 1978 137 2023 a
161 1959 294 2052 consiliis
320 1959 440 2040 aulicis,
470 1959 510 2026 ad
536 1980 585 2024 ma
611 1960 695 2026 misit
717 1961 859 2028 editionis
886 1961 1122 2046 Gryphianae'
1141 1964 1213 2028 anni
1234 1956 1336 2030 MDL.

120 2061 306 2147 exemplum,
345 2061 429 2148 quod
454 2063 486 2127 in
513 2061 644 2126 Fabricii
666 2059 858 2128 Bibliotheca
883 2062 993 2128 Latina
1022 2061 1089 2146 (vol.
1115 2062 1173 2126 111.
1197 2082 1227 2147 p.
1254 2061 1335 2148 185.)

118 2161 191 2226 1.Α.
203 2161 364 2228 Emestius
385 2183 418 2228 se
439 2161 582 2228 habuisse
600 2161 702 2241 refert,
714 2161 866 2248 adscripta
889 2161 1034 2229 varietme
1054 2161 1194 2226 lectionis
1216 2163 1336 2229 eMsto

120 2262 296 2328 monasterii
320 2263 352 2331 S.
380 2261 472 2330 Gelli:
502 2261 643 2350 Dorpato
666 2265 710 2330 M.
732 2265 767 2330 L.
788 2264 998 2330 Msseursus
1023 2256 1235 2330 adnotationes
1259 2285 1336 2352 quas

119 2363 151 2428 in
174 2364 309 2449 margine
333 2365 475 2434 editionis
496 2365 699 2433 Londinensis
726 2365 841 2432 invenit
862 2365 1036 2450 inscriptas:
1067 2362 1126 2429 alia
1148 2365 1223 2431 mihi
1246 2368 1334 2434 obtu-

120 2465 222 2532 lerunt
242 2468 383 2537 Hamona
401 2469 436 2536 L.
457 2470 625 2549 Trossrus,
645 2469 846 2582 Norimbepgn
866 2469 978 2534 Ioscrr.
998 2468 1166 2534 Messius.

205 2671 329 2751 Quibus
348 2674 483 2739 excussis
501 2672 572 2751 alia,
603 2673 847 2740 Satumaliorum
865 2673 1041 2759 praecipue,
1070 2671 1216 2760 requisivi
1234 2693 1335 2738 exem·

120 2772 227 2860 pluria,
256 2781 288 2839 et
311 2795 329 2839 a
352 2774 386 2840 C.
409 2775 445 2839 P.
468 2774 503 2840 G.
526 2775 801 2853 Sesossssssso,
827 2774 877 2839 cui
900 2775 931 2838 id
953 2774 1146 2861 potissimum
1168 2797 1259 2842 curae
1282 2784 1337 2854 est,

120 2883 156 2941 ut
179 2875 382 2942 bibliothecae
406 2874 705 2962 Guelpherhytanae,
735 2876 786 2941 cui
815 2882 948 2962 praeest,
982 2877 1089 2963 copiae
1116 2876 1154 2941 ad
1181 2876 1337 2943 literarum

120 2974 254 3044 fructum
276 2999 369 3064 mam
393 2977 524 3044 maxime
546 2976 731 3055 redundent,
762 2976 848 3044 facile
872 2976 1045 3064 impetravi,
1074 2985 1111 3043 ut
1135 2978 1231 3064 petita
1253 2978 1336 3043 data-

121 3099 182 3163 que
200 3079 297 3159 venie,
319 3101 381 3166 qua
398 3079 437 3144 ad
456 3079 577 3144 codices
599 3077 679 3144 ieras
699 3077 864 3146 mittendos
884 3077 913 3143 ei
932 3100 1010 3165 opus
1029 3087 1085 3157 est,
1108 3079 1183 3145 mihi
1204 3078 1339 3146 mitteret

122 3179 259 3246 codicem
286 3189 348 3247 tres
375 3181 617 3248 Satumaliorum
642 3181 736 3246 libros
762 3179 982 3247 continentem:
1013 3190 1044 3248 et
1072 3183 1271 3248 Fraserscus
1297 3206 1337 3248 ne

119 3283 237 3361 Fosrn,
272 3283 325 3370 qui
353 3305 392 3351 ne
419 3281 518 3349 tribus
546 3281 671 3368 quidem
696 3282 800 3348 lustris
826 3283 957 3368 peractis
982 3284 1134 3351 abiecerat
1158 3285 1337 3372 memoriam

120 3384 186 3450 eius
205 3385 352 3471 temporis
372 3406 434 3472 quo
456 3385 487 3451 in
506 3385 699 3452 bibliothecis
722 3384 907 3452 Florentinis
928 3373 1144 3471 inquisiver'am
1163 3386 1196 3450 in
1218 3387 1338 3454 codices

120 3486 289 3565 Plinianos,
319 3487 547 3573 perhumaniter
569 3488 805 3574 quibuscunque
826 3487 903 3552 locis
922 3487 1004 3552 volui
1025 3487 1229 3573 inspiciendos
1252 3495 1338 3554 cur'a·

119 3588 164 3654 vit
185 3595 247 3653 tres
270 3589 391 3654 codices
413 3589 579 3655 Mediceos.
623 3590 689 3654 lam
715 3589 876 3654 occasione
901 3588 971 3653 data
995 3589 1172 3655 solennibus
1195 3590 1338 3656 seculari·

121 3690 180 3754 bus
206 3689 379 3755 academiae
403 3689 807 3756 Priuerno-Alexandrinae
830 3691 985 3776 quoddam
1007 3691 1178 3757 studiorum
1199 3711 1339 3760 meorum

121 3790 390 3856 Maerebianorum
420 3789 500 3856 edidi
532 3791 685 3877 specimen
718 3791 755 3878 ³).
782 3857 785 3863 ,
817 3792 915 3859 Paulo
946 3801 1017 3879 post
1050 3792 1085 3861 G.
1111 3793 1147 3858 B.
1169 3783 1278 3860 Hiero
1308 3805 1340 3861 ct

340 3999 529 4006 ...η-μ-ηη-ιῌ

191 4111 220 4174 ²)
239 4112 321 4165 Gont.
340 4113 505 4166 zeitschritt
525 4114 543 4164 t.
561 4116 587 4164 d.
607 4116 725 4166 Alterth.
743 4117 924 4168 wissenseb.
942 4116 1019 4168 1811.
1048 4118 1157 4167 11113.

192 4199 220 4256 ⁸)
238 4197 281 4249 Gt.
302 4198 561 4258 commentationem
586 4211 656 4262 quae
678 4200 857 4252 inscribitur:
889 4201 1048 4252 Academiae
1068 4202 1172 4270 Regiae
1192 4201 1339 4254 friderico-

124 4277 322 4332 Alexandrinae
338 4283 458 4336 solennia
476 4281 608 4334 secularia
625 4278 716 4334 diebus
741 4282 845 4336 XXlll.
865 4283 962 4336 1er
987 4285 1069 4336 XXV
1103 4285 1139 4336 M.
1161 4287 1280 4356 Augusti
1296 4304 1339 4339 ce-

121 4362 249 4414 latrando
272 4364 325 4430 piis
350 4367 418 4419 notis
436 4367 596 4435 nuncupatis
614 4369 789 4435 gratulantur
804 4369 942 4436 gymnasii
961 4370 1042 4438 liegii
1063 4370 1239 4422 hudooieicni
1255 4379 1341 4423 rector
1364 4405 1374 4421 ,

121 4455 146 4499 et
165 4448 335 4514 professores.
371 4449 464 4503 locunt
484 4451 649 4502 badonici
673 4452 755 4503 luni
779 4452 955 4518 symbolae
979 4452 1021 4503 od
1048 4453 1214 4506 Macrobii
1236 4455 1341 4507 libros

123 4531 395 4584 esturnellorum
414 4534 641 4586 emendandos.
680 4535 845 4598 Suevosurti,
862 4532 1104 4589 ‘meccedem

1470 208 1473 299 l
