2950 4992
444 161 449 172 '
535 201 538 208 ·
593 157 729 224 CAPUT
755 159 793 224 V.
846 183 850 189 ·
1246 188 1305 229 uxr

110 347 166 384 sas
182 331 323 396 xxviii,
341 330 419 395 stilo,
438 330 516 381 nullo
533 331 643 394 colore,
660 329 800 397 signatas,
816 330 945 395 equibus
958 332 1046 396 prims
1061 335 1090 384 et
1105 334 1201 386 ultima
1218 349 1306 400 quae-

112 432 174 482 que
195 420 347 469 excurrunt
370 416 399 466 iu
418 416 569 479 marginem
588 416 660 467 hints
678 416 763 468 lineis
784 416 939 468 limitatum.
973 419 996 468 lt
1023 419 1163 482 scriptura
1182 423 1305 488 colligas

113 504 246 564 codicem
267 515 323 553 nou
347 501 381 552 ab
399 513 456 551 uno
478 503 587 563 quidem
608 502 725 553 librario
745 502 795 553 sed
816 503 912 552 eadem
932 505 1025 552 aetate
1042 508 1129 556 totum
1149 520 1216 558 esse
1236 522 1306 561 exa-

110 597 220 640 ratum.
243 589 356 639 Graeca
377 587 485 650 scripta
504 590 570 638 sant
588 587 681 638 literis
699 587 866 638 uncialibus.
893 586 1025 638 ceterum
1043 591 1113 640 satis
1129 593 1307 657 negligenter

110 681 163 726 est
189 675 329 738 scriptus,
357 675 387 722 et
409 673 495 722 multa
519 673 624 725 omissa
646 674 727 737 stunt,
755 685 827 734 quae
854 673 951 722 solent
973 673 1097 734 suppleri
1118 675 1147 726 in
1172 681 1306 744 margine.

110 761 276 811 Praeterea
298 757 398 807 ibidem
425 767 512 818 saepe
535 764 647 810 notatur
670 762 880 821 argumentum:
911 757 1049 821 principio
1074 760 1216 825 adscripta
1242 771 1308 816 snut

109 849 242 896 haecce:
270 842 421 895 Macrobius
438 841 471 892 ho
486 878 596 893 ......
608 851 648 896 tes
663 842 692 894 id
709 849 748 894 est
762 843 890 910 interpres
906 843 1067 894 somniorum
1085 844 1114 895 in
1130 845 1178 896 hoc
1194 847 1259 898 libro
1277 849 1309 900 dc

110 931 276 999 dipTerentia
298 927 435 980 stellarum
459 933 483 978 ct
505 927 621 978 ciderunt
644 943 736 994 carpes
760 928 841 993 (tort.
862 931 970 995 carpto)
994 946 1026 980 es
1046 929 1132 997 ipsius
1148 931 1223 984 libris
1243 949 1310 1000 pru·

109 1019 214 1070 denter
234 1012 366 1082 Scipionis
388 1011 552 1084 apocalipsin
572 1029 651 1081 quam
673 1014 700 1064 in
724 1014 831 1065 somniis
851 1013 984 1080 conspexit
1003 1013 1176 1083 interpretari
1195 1018 1310 1081 curavit,

111 1120 148 1155 es
170 1103 249 1154 cuius
267 1086 346 1166 (tort.
364 1105 388 1150 et
405 1097 497 1162 huius)
515 1098 595 1150 etiam
611 1099 736 1166 scipionis
755 1099 832 1163 (sup.
853 1100 915 1149 add.
933 1099 1033 1165 emtis)
1049 1100 1087 1151 ad
1097 1101 1189 1167 filiam
1206 1104 1310 1154 somnio

110 1187 262 1240 annuntio
276 1184 359 1237 multa
376 1182 499 1246 inseruit,
514 1189 544 1235 ut
559 1199 647 1236 eorum
667 1184 851 1252 interpretatio
868 1191 949 1250 atque
966 1184 1061 1236 solatio
1079 1185 1159 1237 litere
1176 1187 1309 1242 discurrat

113 1281 142 1328 et
163 1275 342 1327 clarescat...
376 1271 418 1319 lic
435 1268 535 1332 quihus
553 1268 608 1319 vid.
627 1281 652 1320 c.
671 1269 691 1318 1.
710 1285 736 1333 p.
756 1284 789 1320 11.
825 1269 917 1321 Prima
935 1269 1043 1320 codicis
1061 1271 1165 1335 pagins
1186 1284 1205 1323 a
1220 1273 1308 1325 libra·

111 1361 164 1412 rio
192 1373 284 1412 vacua
305 1356 405 1408 relicta
426 1358 481 1406 est.
516 1355 663 1420 teguntur
685 1359 777 1406 sutem
798 1355 827 1406 in
849 1368 884 1406 ea
902 1356 1064 1418 posteriore
1086 1360 1180 1407 aetate
1202 1358 1309 1421 scripta

113 1450 244 1513 haecce:
263 1446 356 1510 „late
378 1443 472 1510 liber
496 1445 643 1492 sanctae
662 1442 796 1493 Mariae
821 1446 855 1492 et
874 1441 997 1492 sancti
1017 1440 1257 1506 coruintsst“;
1281 1448 1311 1494 et

112 1536 272 1596 praeterea
290 1531 457 1595 partitiones
474 1527 609 1591 quaedam
628 1527 822 1590 philosophiae
840 1532 869 1578 et
884 1527 1032 1591 physicae,
1050 1528 1244 1592 interpretatio
1258 1543 1311 1580 ro·

112 1620 162 1670 cis
184 1617 306 1684 alleluia,
325 1625 508 1680 magnumque
527 1614 640 1662 schema
659 1612 870 1663 intervallorum
891 1613 1068 1664 musicorum.
1103 1614 1134 1663 ln
1152 1615 1243 1664 altera
1260 1628 1310 1677 pa·

111 1707 189 1770 gina
217 1704 324 1766 legitur
354 1699 521 1765 inscriptio:
552 1699 602 1748 EX
633 1699 752 1748 mittitis
781 1697 958 1749 macnarii
984 1700 1032 1748 DE
1064 1699 1311 1752 nlliltuitttu'rls

113 1775 351 1842 srmnnnhvm
376 1787 423 1838 nr
451 1784 624 1835 siouuvnr.
671 1784 735 1843 ovr
759 1783 817 1848 (sn
844 1788 874 1835 et
901 1784 946 1835 nc
971 1788 1001 1834 es
1024 1785 1100 1836 turra
1125 1786 1232 1850 regitur
1259 1799 1309 1849 pro

97 1874 238 1939 ovili.)
258 1873 340 1923 011111
360 1871 535 1922 81111110.
571 1869 635 1928 ovi
656 1869 772 1936 lllivs,
790 1883 807 1919 a
825 1871 1011 1938 correctoris,
1029 1876 1061 1921 ut
1080 1871 1199 1936 vitietur,
1218 1883 1308 1923 manu.

114 1963 213 2014 Paulo
231 1960 305 2010 iutra
328 1955 437 2021 (nutet
456 1954 515 2014 tt.)
537 1956 571 2005 ab
594 1954 657 2018 ipso
676 1955 792 2006 librario
812 1955 945 2007 insertam
967 1962 1025 2008 est:
1054 1959 1102 2008 lili
1121 1956 1310 2009 0111018111

114 2049 256 2111 sentin,
276 2048 305 2096 et
322 2043 335 2108 1
352 2043 395 2092 tt.
414 2045 479 2092 aute
498 2053 595 2092 vocem
617 2041 747 2093 Causam.-
765 2039 886 2092 vunan
904 2043 1061 2095 cerariis
1080 2045 1153 2095 VEls
1172 2042 1311 2094 sutrio--

115 2138 190 2186 le.
227 2133 295 2194 cap.
312 2130 354 2180 11.
371 2128 384 2194 1
401 2128 427 2178 8.
446 2139 498 2190 pro
517 2127 626 2178 rerhis:
651 2126 752 2192 Quibus
768 2133 855 2178 autern
867 2129 991 2194 partitur
1007 2129 1147 2197 zodiacum
1163 2127 1309 2189 intersecet,

97 2219 246 2290 -superius
264 2218 317 2268 iam
341 2215 454 2266 relatum
476 2219 523 2264 est.
560 2211 634 2263 ilaec
653 2213 686 2263 dc
707 2211 807 2276 lacteo,
824 2217 978 2274 excerptor
996 2225 1031 2263 ea
1048 2214 1083 2263 ad
1101 2225 1173 2277 qnae
1190 2212 1312 2275 pertinet

117 2305 208 2357 illud:
227 2301 347 2370 superius
363 2300 417 2350 iarn
435 2297 549 2350 relatum
567 2304 616 2364 eri,
633 2299 686 2347 huc
704 2296 849 2346 transtulit
865 2309 901 2345 ex
920 2309 982 2360 cap.
999 2297 1168 2363 11.11.,ι11
1185 2297 1312 2360 legatur:

117 2395 286 2458 temperaret.
324 2385 362 2437 Et
379 2385 419 2435 ita
438 2383 539 2432 lacteus
556 2380 670 2432 circulus
685 2382 825 2432 zodiacum
838 2381 960 2446 obliquae
972 2381 1191 2447 circumflexionis
1205 2396 1314 2434 occursu

118 2473 261 2528 ambienda
277 2469 456 2537 complectitur
474 2500 539 2516 ....
558 2465 634 2514 caius
649 2465 775 2516 tersninos
790 2479 934 2529 numquam
948 2464 1083 2530 relinquit.
1118 2467 1251 2530 sequitur
1269 2467 1314 2518 tn-

119 2559 257 2621 scriptio:
275 2553 467 2606 111111110οΜ
485 2549 666 2614 clitorius,
684 2553 713 2596 et
729 2553 794 2597 ante
811 2559 872 2608 cap.
889 2549 931 2597 2⁰.
949 2548 963 2613 1
981 2549 1022 2599 a:
1041 2551 1130 2602 tritri
1148 2552 1313 2603 triventina

122 2640 296 2696 AllitlitiSll
326 2632 505 2686 Muclltilill
534 2633 582 2682 lili.
611 2631 715 2682 10118
741 2633 1004 2684 listillll'vlililli.
1050 2636 1079 2687 ln
1107 2633 1163 2688 line
1191 2637 1251 2703 (lib.
1277 2639 1312 2690 11.

124 2743 152 2780 c.
164 2729 190 2776 9.
207 2724 290 2789 1111.)
310 2719 425 2772 omissis
440 2717 549 2768 verbius
569 2717 639 2783 q'uoti
656 2715 791 2770 doctrinae
806 2721 967 2787 propositum
984 2737 1037 2772 non
1053 2723 1142 2774 asinus
1155 2722 1184 2773 in
1201 2737 1312 2791 sequen-

126 2814 200 2866 tibus
222 2804 375 2875 apparebit,
403 2803 508 2867 legitur
525 2803 618 2852 variis
637 2802 797 2865 quibusdam
817 2805 863 2870 (nt
879 2804 907 2855 lu
926 2806 990 2856 allis
1012 2809 1092 2858 codd.
1116 2811 1145 2859 et
1166 2808 1228 2860 eid.
1252 2811 1313 2874 plo-

128 2895 242 2960 risque)
264 2906 299 2943 ex
322 2904 347 2941 c.
367 2891 408 2940 iti.
432 2889 487 2954 52.
509 2890 560 2938 hac
582 2889 716 2939 annexis:
749 2903 819 2956 quoe
839 2889 867 2940 in
888 2897 944 2942 tans
965 2907 1051 2959 parco
1067 2910 1170 2964 mogum
1189 2909 1245 2946 esse
1258 2911 1312 2947 aon

125 2982 238 3052 poterit,
257 2985 286 3030 ut
300 2981 435 3028 contentus
450 2974 539 3041 potius
555 2975 728 3026 conscientiae
742 2971 860 3041 praemio
874 2975 990 3042 gloriosa
1003 2993 1056 3029 nun
1070 2980 1197 3047 requirat.
1234 2980 1313 3038 Quae

127 3071 259 3120 uidentur
276 3076 341 3114 esse
362 3061 505 3126 instituta,
531 3063 563 3110 ut
580 3061 741 3110 commodus
758 3064 907 3121 pararetur
926 3059 1007 3128 linis,
1029 3077 1101 3115 neve
1118 3065 1266 3131 quidquam
1284 3065 1314 3116 in

125 3157 169 3207 his
193 3150 336 3213 excerptis
360 3147 546 3198 desideretur.
599 3147 667 3196 liuo·
689 3144 787 3195 ultima
811 3143 881 3194 tolia
906 3147 1030 3198 tortasse
1056 3153 1140 3214 paulo
1167 3151 1312 3216 posterius

127 3253 207 3306 quam
224 3237 333 3300 reliqna
352 3238 417 3284 suunt
435 3231 550 3293 scripta.
587 3229 740 3280 Continent
753 3230 818 3288 lihrl
835 3231 870 3287 ll.
887 3233 989 3295 capitis
1005 3234 1031 3283 9.
1049 3233 1132 3287 tinem
1146 3250 1210 3287 cum
1222 3233 1314 3300 figura

128 3329 154 3378 ei
174 3337 253 3388 qurum
271 3334 287 3371 e
307 3320 370 3370 cod.
388 3319 411 3368 li
431 3317 530 3378 recepi
550 3315 651 3382 simili,
683 3322 895 3381 praeterquam
917 3321 1036 3383 margini
1058 3321 1171 3384 appicts
1192 3321 1317 3370 estella

126 3412 322 3470 minoresque
347 3403 509 3466 simplicior.
544 3402 628 3452 Nulla
646 3402 827 3454 distinctione
845 3405 920 3454 tacta
944 3405 1135 3468 adiunguntur
1159 3405 1245 3454 rerba
1266 3405 1314 3456 lih.

126 3499 149 3548 1.
168 3509 229 3558 cap.
247 3495 271 3542 3.
288 3491 302 3556 5
320 3490 375 3540 tic
404 3486 510 3552 Siquis
527 3488 602 3548 sorte
620 3503 745 3554 quaerere
761 3489 838 3550 sctit,
863 3493 892 3540 et
909 3503 981 3554 quae
999 3494 1154 3552 sequuntur
1171 3500 1261 3553 usque
1279 3493 1314 3542 ad

127 3581 229 3644 capitis
248 3575 344 3640 linem,
377 3577 406 3623 et
421 3571 525 3637 additis
544 3571 705 3634 quibusdam
725 3571 838 3638 figuris,
852 3611 855 3616 .
869 3577 919 3625 sed
940 3577 1017 3625 nulla
1037 3575 1237 3644 inscriptione,
1263 3590 1315 3630 cx-

127 3673 227 3730 cerpta
251 3663 386 3726 quuacdanu
411 3671 427 3708 e
450 3657 532 3707 Plinii
558 3659 701 3709 Naturalis
723 3660 867 3710 Historiae
882 3645 962 3712 ¹libro
982 3662 1031 3729 11.,
1058 3665 1101 3714 ed.
1121 3664 1214 3729 Sillig.
1231 3664 1245 3730 1
1264 3667 1315 3734 tu,

128 3754 155 3820 qq
174 3751 287 3815 ami,
305 3745 334 3812 51
352 3746 386 3794 83
401 3749 430 3794 et
447 3743 500 3808 ss,
519 3747 548 3792 et
564 3743 670 3794 inserta
689 3745 887 3808 inscriptione:
905 3749 954 3798 lili
973 3750 1316 3818 sastntrvs'nsitvnt,

127 3839 157 3906 qq
177 3837 289 3900 5941„
306 3831 335 3898 51
355 3831 388 3880 69
404 3835 433 3878 et
451 3829 505 3894 ru,
525 3827 555 3894 11
573 3829 685 3890 eutii,
708 3829 737 3895 51
756 3830 860 3881 traso.
897 3832 1009 3885 Contuli
1027 3837 1152 3887 cumcd.
1170 3837 1260 3883 zeum.

95 3929 124 3986 t)
141 3923 265 3976 Frisin
271 3919 392 3994 gensis
407 3915 467 3964 itit.
482 3914 544 3978 (li),
563 3927 637 3965 nuno
648 3917 842 3984 Monacensis,
860 3931 918 3969 sec.
929 3920 956 3968 x
967 3924 996 3970 et
1007 3922 1065 3984 iil,
1079 3922 1316 3984 membranaceus,

128 4010 258 4062 loliorum
280 4004 421 4056 hXXXV.
441 4003 546 4050 formae
571 4002 740 4071 quadratae,
768 4015 883 4066 qnorum
903 4005 1024 4068 paginae
1041 4007 1102 4055 tere
1120 4002 1264 4052 continent
1281 4003 1317 4052 ll-

127 4108 198 4146 ueas
215 4091 342 4144 llellll.
360 4099 418 4139 uon
434 4086 558 4150 divisas,
577 4088 655 4138 nullo
674 4091 773 4140 colore
791 4092 905 4154 ductas,
928 4089 955 4138 in
972 4089 1124 4152 marginem
1142 4098 1197 4135 non
1214 4097 1317 4138 excur-

125 4185 234 4233 rentes.
270 4175 403 4228 continst
424 4172 501 4223 tollis
525 4172 693 4224 l·llxlilV.
719 4173 863 4225 Boethii
892 4170 1162 4222 commentarios
1192 4171 1226 4222 in
1253 4173 1317 4226 Το-

127 4267 208 4330 pica
232 4267 269 4314 Μ.
290 4261 402 4313 'l'ullii
427 4259 642 4322 ciceronis,
673 4265 701 4308 et
723 4259 800 4308 toliis
825 4255 1107 4307 xxxv-cxxxiv.
1132 4256 1316 4314 ciceronis

127 4350 300 4402 sonnium
318 4345 499 4408 scipionis
519 4355 589 4394 cum
610 4342 878 4393 commentariis
895 4339 1077 4391 Macrobii.
1109 4345 1163 4394 Sed
1183 4347 1233 4396 has
1252 4361 1318 4410 par-

128 4441 173 4486 tes
193 4447 249 4486 uon
269 4435 303 4484 ab
322 4433 402 4483 initio
420 4429 511 4480 inisse
529 4430 698 4480 coniunctas
718 4431 748 4476 et
767 4425 862 4474 tollium
881 4424 995 4474 XXXV.
1013 4427 1047 4476 ab
1065 4427 1122 4476 alio
1142 4426 1257 4492 quodam
1281 4433 1319 4478 li-

128 4519 224 4572 hrario
242 4519 270 4569 in
288 4521 381 4568 locum
396 4516 459 4566 iulii
475 4513 598 4564 abscissi
617 4511 797 4560 substitutum
813 4521 878 4558 esse
893 4513 970 4569 patet
988 4513 1017 4558 et
1032 4522 1067 4559 ex
1080 4513 1231 4578 scriptura,
1246 4523 1317 4572 quac

128 4605 157 4657 in
176 4603 273 4667 primis
288 4602 366 4654 toliis
384 4599 512 4652 xxxiv.
530 4594 671 4646 roturstior
688 4593 715 4642 ln
735 4593 806 4666 tollo
821 4592 943 4642 XXXV..
954 4595 1113 4660 recentior,
1136 4609 1203 4667 esse
1221 4594 1318 4641 videa·
1374 4635 1376 4643 ,

1072 4675 1116 4757 [5]
