2950 4992
274 109 747 183 consummamur.
789 114 864 179 LlB.
885 117 924 181 ll.
967 116 1057 183 cul).
1076 118 1115 185 V.
1220 120 1277 187 lbl

108 284 300 373 interpositis
319 283 503 348 ineoluutur.
552 283 628 355 Nou
645 281 729 347 enim
750 282 897 350 adiceret:
929 290 964 353 in
985 288 1061 374 apen
1080 289 1206 356 manalis
1226 291 1328 357 rra-29

107 387 167 441 stas
188 372 362 438 solitudines
383 369 563 445 internatas,
589 368 614 432 si
638 368 719 453 ipsas
740 368 922 435 solitudines
944 371 1072 452 diceret,
1099 375 1180 441 inter
1201 397 1278 463 quas

108 466 210 524 certae
233 465 334 542 partes
355 453 544 519 macularum
566 452 664 517 instar
682 452 885 520 haberentur:
913 455 966 519 sed
987 458 1058 541 quia
1079 462 1210 527 maculas
1232 461 1277 527 di·

107 545 151 610 oit
171 544 226 613 hus
247 548 395 627 quattuor
438 558 493 603 uas
513 538 546 602 in
569 537 691 604 duobus
714 546 816 605 terrae
846 539 1078 625 hemisphaeriis
1101 544 1188 609 binas
1210 568 1276 613 esse

107 629 187 695 ratio
208 625 405 699 monstravit,
454 644 512 689 ene
532 622 658 688 adiecit:
685 625 854 689 imereeetaa
873 626 1054 691 solitudines.
1097 629 1176 695 Nam
1198 631 1327 698 siout30

80 720 85 727 '
107 734 178 800 pars
206 733 285 812 quae
313 708 470 775 habitatur
491 728 509 773 a
530 708 619 773 nohis
640 709 736 774 multa
765 710 965 777 solitudinum
992 711 1205 779 interiectione
1232 715 1277 780 di·

107 800 285 884 stinguitur,
310 794 497 859 eredendum
520 804 568 858 est
590 793 621 857 in
644 794 704 859 illis
726 816 852 947 ‹puopue
873 796 972 863 trihus
993 796 1060 861 aliis
1081 796 1277 865 habitationi-

106 884 165 951 bus
183 884 299 949 similes
317 900 386 945 esse
405 879 485 943 inter
504 878 624 943 deserta
642 887 675 944 et
692 901 732 945 ou
745 888 775 945 ta
816 881 1015 949 intinctiones.
1058 882 1120 948 Sed
1139 889 1171 949 et
1189 885 1324 969 quet-31

105 979 178 1037 tuor
211 966 437 1033 habitationum
469 964 584 1029 iuoolas
618 972 650 1029 et
679 965 829 1031 relatione
862 967 939 1033 situs
972 975 1004 1033 et
1033 967 1098 1053 ipsa
1130 985 1327 1057 quoquessm]

105 1055 206 1121 standi
231 1052 379 1139 qualitate
399 1048 546 1134 depinxit
587 1049 728 1114 Primum
751 1051 834 1115 enim
857 1052 901 1116 ait
920 1052 995 1119 alios
1016 1062 1138 1138 praeter
1158 1056 1277 1121 nositu

106 1140 242 1205 incolere
263 1144 393 1212 terram,
418 1142 494 1199 uta
516 1154 549 1199 se
571 1134 689 1199 interru
711 1134 735 1198 ti
759 1135 875 1201 nullam
897 1138 1087 1203 commeandi
1110 1139 1148 1204 ud
1170 1162 1203 1206 se
1223 1141 1276 1206 ha·

105 1225 201 1292 beant
221 1221 405 1296 facultatem,
426 1226 458 1284 et
475 1219 568 1285 verba
590 1218 656 1304 ipsa
699 1220 835 1285 ealarant
857 1242 919 1287 non
941 1242 1013 1287 eum
1034 1222 1072 1286 de
1093 1244 1156 1289 uno
1178 1225 1277 1291 homi-

105 1310 225 1374 minum
258 1327 370 1392 genere
399 1304 484 1390 loqui
514 1303 545 1368 in
572 1304 629 1369 hao
661 1304 825 1390 superficie
851 1326 868 1369 a
898 1306 999 1372 nohis'
1015 1307 1110 1381 solius
1143 1310 1277 1375 torridae

49 1394 62 1413 ⁰
105 1393 319 1460 interiectione
341 1390 449 1455 diviso.
491 1387 541 1454 Sio
563 1389 646 1453 enim
674 1390 771 1475 magis
794 1390 922 1455 diceret:
957 1392 1000 1456 ita
1021 1393 1217 1479 interruptos,
1244 1407 1280 1459 nt

104 1480 186 1545 nihd
204 1481 240 1543 ab
261 1479 322 1542 illis
341 1476 382 1541 ad
400 1498 452 1541 nos
471 1495 597 1539 manare
611 1476 726 1561 possita
767 1474 821 1541 sed
843 1475 988 1541 dicendo:
1022 1478 1066 1542 ita
1086 1478 1277 1577 interruptos,

105 1576 140 1631 at
158 1565 238 1629 nihil
257 1565 335 1628 inter
353 1564 435 1648 ipsos
455 1562 491 1624 ab
511 1560 582 1624 aliis
607 1560 648 1625 ad
669 1561 745 1626 altos
764 1582 889 1629 manare
905 1563 1015 1648 posn't,
1043 1563 1175 1648 qualite'r
1197 1571 1278 1629 mter

107 1671 141 1714 se
163 1649 214 1713 illa
235 1647 396 1712 hominum
418 1666 530 1729 genera
550 1644 612 1711 siut
633 1644 739 1722 divisa,
762 1645 921 1730 signifieat.
965 1646 1058 1726 Quod
1080 1658 1183 1713 autem
1206 1650 1327 1715 verebh

105 1735 145 1799 ad
171 1741 309 1800 nostram
334 1740 454 1817 partem
479 1729 662 1806 referretur,
698 1730 811 1796 adiecit
836 1730 965 1797 dicando
992 1731 1030 1798 de
1053 1731 1113 1797 illis
1135 1733 1188 1819 qui
1211 1742 1278 1799 eta

107 1819 197 1885 nohis
219 1826 288 1883 eta
311 1816 495 1881 seinvicem
517 1814 605 1878 divisi
627 1822 714 1881 sunt:
746 1818 860 1901 partein
879 1818 1023 1903 obb'qaoe,
1044 1820 1160 1905 partein
1180 1829 1278 1885 bam·

105 1926 221 1979 ansas,
249 1903 365 1989 partim
389 1902 476 1965 etiam
497 1900 637 1964 aduerms
661 1912 741 1965 stare
768 1901 869 1967 nobis:
905 1902 1091 1987 interruptio
1112 1924 1185 1988 ergo
1213 1926 1277 1971 non

105 1989 200 2053 unius
221 1986 342 2072 generis
363 2007 380 2050 a
402 1984 506 2059 nobis,
527 1984 580 2049 sed
601 1985 741 2050 omnium
764 2006 911 2070 generum
933 2007 951 2051 a
970 2008 1003 2052 se
1024 1988 1207 2068 divisorum,
1229 2010 1277 2056 ro-

108 2074 221 2140 lertur:
256 2092 336 2158 quae
356 2071 399 2135 ita
421 2067 512 2135 distin
557 2069 635 2135 enda
658 2078 713 2135 est
756 2071 797 2135 lli
820 2092 898 2169 quos
920 2081 1041 2158 separat
1061 2094 1078 2137 a
1100 2074 1188 2139 nobis
1208 2075 1326 2160 per-33

105 2166 186 2239 usta,
205 2179 284 2248 qrms
304 2156 414 2226 Graeci
436 2150 515 2223 ἄντο
530 2177 609 2233 κους
630 2163 750 2236 vocant,
770 2156 912 2227 simliter
932 2158 971 2223 ah
993 2158 1054 2226 illis
1076 2160 1130 2249 qui
1153 2159 1276 2227 interio-
1333 2196 1336 2200 ·

897 2380 981 2442 [aaa.
1005 2356 1209 2448 ereans-part.

107 2482 183 2519 omne
199 2482 293 2533 eorpus
311 2472 398 2517 terrae
420 2463 568 2516 usitatur.
719 2466 764 2514 29.
802 2464 863 2517 Nan
882 2464 997 2515 adiceret
1013 2463 1081 2514 eninr
1103 2464 1154 2513 Rl.
1176 2491 1211 2500 -
1237 2463 1279 2514 in·

106 2536 229 2587 terieetaa
247 2535 271 2584 ei
288 2534 361 2600 iprae
377 2533 532 2582 solitudines
549 2528 612 2581 aad.
631 2542 648 2578 u
665 2544 722 2579 nee.
740 2545 776 2581 ur.
793 2530 823 2580 C.
846 2559 880 2568 -
901 2530 1066 2580 maeatarum
1080 2538 1173 2597 partes
1191 2530 1223 2580 Β.
1244 2560 1279 2568 -

107 2601 252 2652 adinstar
269 2599 325 2650 Tn.
344 2625 376 2635 —
393 2598 557 2649 doleantur
573 2595 650 2660 virg.
669 2623 697 2633 -
720 2596 771 2647 has
788 2604 913 2663 quattuor
930 2597 995 2647 dicit
1012 2596 1043 2647 Β.
1061 2625 1095 2635 -
1117 2598 1187 2649 ratio
1204 2614 1279 2649 mon-

107 2667 213 2732 strauit]
232 2664 276 2715 Gi.
296 2666 368 2730 §22
520 2666 564 2712 30.
598 2678 700 2729 puapae
712 2664 746 2714 in
763 2662 818 2713 illie
836 2664 887 2714 lbl.
905 2690 939 2701 -
956 2663 1059 2716 dasena
1076 2671 1102 2716 et
1115 2665 1228 2717 oeeulta
1245 2664 1278 2723 Β.

208 2736 251 2783 31.
285 2732 387 2783 inertas
403 2729 596 2780 habitationum
618 2728 651 2779 Β.
673 2757 707 2767 -
731 2731 849 2783 rarione
867 2737 942 2797 (sup.
961 2731 1104 2792 relatione)
1123 2732 1154 2783 C.
1177 2760 1211 2771 -
1239 2733 1279 2784 ait

107 2799 193 2852 illae
210 2806 316 2866 praeter
332 2815 381 2849 noe
397 2797 443 2847 rie
464 2796 517 2846 Hl.
546 2824 580 2833 -
611 2798 774 2849 commeandi
794 2799 830 2849 nd
850 2816 876 2850 re
899 2798 1013 2851 habeant
1028 2801 1183 2855 tenultatem
1206 2798 1278 2852 Bul.

108 2866 272 2919 commeandi
289 2866 325 2916 ad
342 2881 369 2916 re
387 2864 502 2915 habeant
519 2864 601 2915 viam
622 2863 645 2913 F
664 2880 726 2929 rup.
747 2864 805 2929 lin,
822 2865 966 2918 Baalim«.
1000 2868 1115 2919 meandi
1131 2870 1168 2918 ad
1186 2884 1214 2919 re
1229 2869 1278 2919 ha-

108 2936 188 2985 beant
202 2933 364 2999 laenitatem
383 2930 508 2982 ORIGO.
561 2932 679 2983 meandi
695 2932 811 2985 habeant
827 2935 863 2983 ad
880 2950 907 2985 ee
919 2934 1078 2998 sanititatem
1096 2935 1176 2985 s-hl'.
1229 2936 1279 2986 ha·

108 3003 187 3053 beant
204 3001 240 3051 ad
259 3017 287 3051 se
300 3000 460 3064 facultatem
475 2999 592 3049 meandi
608 2998 733 3065 strar-g.
762 3001 876 3063 meandi
892 3002 933 3051 ad
950 3002 1086 3053 inuicem
1104 3003 1218 3054 habeant
1230 3006 1278 3067 sa·

108 3069 232 3119 eultatern
250 3068 283 3119 1).
301 3094 334 3105 -
352 3068 454 3133 etipsa
471 3066 551 3117 verba
570 3082 628 3134 v-g.
647 3095 680 3106 --
697 3084 715 3117 a
734 3068 809 3118 nobis
827 3085 881 3120 om.
901 3067 932 3117 C.
949 3096 984 3108 -—·
1001 3070 1086 3121 diuiso
1103 3068 1124 3119 G
1143 3086 1177 3119 ex
1195 3086 1279 3131 eurr„

106 3133 376 3203 usuras-pauore
393 3134 503 3197 ‚‚blrr.“
520 3133 607 3184 Gran.
648 3135 753 3185 dioirio
771 3134 803 3186 Β.
849 3135 941 3187 diuisa
956 3136 1034 3187 Pa-u.
1056 3165 1091 3177 -
1116 3137 1150 3187 ab
1168 3138 1224 3189 illis
1242 3138 1280 3188 ad

106 3202 366 3255 noraha-rSRwl.
415 3202 448 3252 ab
467 3201 659 3253 aliisadooe
676 3201 727 3253 ΒΙ.
774 3204 807 3254 ab
825 3204 880 3255 illis
898 3204 935 3254 ad
951 3220 1003 3255 nor
1022 3203 1151 3255 GhBPO.
1194 3206 1280 3257 inter

107 3274 201 3338 ipsos
217 3272 251 3324 ab
269 3272 324 3322 iltis
341 3270 378 3320 ad
394 3286 441 3321 aas
459 3268 481 3319 t)
499 3268 528 3319 in
545 3284 613 3336 ng„
632 3268 664 3319 Β.
698 3270 784 3321 inter
802 3272 889 3337 iprae
907 3271 940 3321 ab
957 3272 1013 3323 illis
1030 3273 1066 3323 ad
1082 3288 1134 3323 nos
1153 3270 1228 3338 vlup.
1244 3298 1279 3311 -·

107 3340 218 3391 dicenda
233 3344 309 3405 (sup.
329 3337 392 3388 add.
413 3338 467 3396 ita)
485 3336 538 3386 Bb.
566 3365 601 3376 -
626 3337 659 3387 ab
677 3337 740 3388 aliis
758 3338 794 3388 arl
812 3339 880 3389 aliar
894 3354 1005 3390 manare
1019 3340 1103 3405 posett
1121 3338 1278 3389 Cliti-bl'l’

107 3405 157 3459 10.
192 3406 225 3456 ab
240 3407 276 3457 al.
293 3406 330 3456 ad
346 3404 383 3454 al.
399 3402 613 3469 manere‘poreit
632 3402 665 3455 Β.
707 3406 740 3455 ab
758 3404 821 3455 aliis
838 3422 948 3457 manare
964 3408 1048 3473 possit
1065 3407 1102 3458 ad
1118 3406 1187 3457 aliar
1205 3406 1278 3458 882.
1348 3405 1351 3409 ’

107 3476 142 3525 ab
159 3474 223 3525 aliie
238 3489 349 3523 manare
364 3472 450 3538 possit
469 3477 538 3530 (om.
556 3470 593 3520 ad
611 3470 693 3531 alios]
714 3471 748 3522 Β.
794 3473 828 3523 ab
846 3473 908 3523 aliie
924 3474 961 3524 ad
977 3475 1055 3525 ittos
1071 3490 1182 3525 manare
1195 3474 1280 3540 poerit

108 3542 145 3593 G·
180 3542 214 3591 ab
231 3541 306 3591 illis
323 3541 360 3590 ad
378 3539 446 3589 alios
461 3554 572 3588 manare
588 3539 672 3603 poerit
688 3554 715 3587 r.
868 3542 911 3590 32.
945 3541 1102 3606 deferretur
1119 3540 1150 3592 Β.
1186 3544 1280 3608 resar-

107 3618 152 3661 tar
168 3607 216 3661 BC
234 3608 289 3669 (Rl
309 3624 370 3674 anp.
388 3609 502 3664 erretur)
519 3604 638 3656 roura.
671 3609 813 3667 reseretur
832 3605 885 3656 Ra.
919 3610 1068 3671 reseratur
1089 3608 1122 3659 Β.
1141 3636 1175 3647 —·
1191 3626 1209 3661 a
1225 3624 1281 3661 no-

107 3677 156 3728 bie
172 3693 226 3727 non
242 3677 321 3727 unias
339 3674 446 3743 generie
460 3688 478 3723 ο
494 3673 569 3723 nobie
590 3672 641 3722 Rl.
668 3700 700 3712 -
729 3673 907 3750 dioarsornm
931 3674 1000 3726 cut.
1024 3705 1059 3714 -
1086 3678 1280 3745 distinguenda

107 3752 186 3795 eant
204 3743 235 3793 0.
388 3743 432 3790 33.
467 3740 524 3791 His
542 3740 572 3790 P.
591 3768 626 3781 --
642 3734 789 3800 οἶοτοικοος
806 3741 889 3792 u-bP.
924 3742 1145 3797 ANTOEKOG
1161 3746 1194 3795 1).
1229 3737 1279 3795 eta-

107 3826 229 3871 eoenone
243 3826 270 3863 v.
304 3800 457 3873 ἄποεμοῦς
474 3806 509 3858 ia.
549 3804 713 3859 ΘΕΟΚΟΟ
728 3806 751 3858 l.
785 3815 907 3861 antoeeoa
922 3810 974 3860 112.
1014 3813 1132 3865 antelroa
1150 3811 1183 3864 0.
1218 3818 1279 3863 ant·

142 4032 185 4079 31.
220 4026 320 4095 magis]
344 4025 363 4079 i.
382 4043 406 4079 e.
423 4024 540 4092 μᾶλλον,
563 4022 668 4091 potius,
719 4020 749 4076 ἐν
765 4024 800 4090 τῆ
819 4020 872 4079 arie
910 4026 993 4081 uortm
1009 4025 1080 4097 ζώνη
1098 4024 1154 4083 tat
1173 4025 1205 4079 rb
1228 4022 1279 4080 ab·

107 4102 139 4149 ut
155 4096 215 4149 Sat.
232 4096 252 4155 1,
268 4098 294 4157 4,
307 4098 343 4156 4.,
360 4095 395 4145 de
412 4092 472 4147 diff.
489 4097 530 4153 to,
543 4096 569 4143 0.
606 4092 667 4144 Vid.
718 4087 751 4144 eb
768 4046 947 4161 {propalam
958 4080 1158 4163 κοιτοικόῦντες,
1175 4093 1279 4147 Achill.

108 4164 200 4218 fland.
220 4163 375 4215 Tursellin.
393 4160 450 4222 111,
467 4177 494 4226 p.
506 4164 574 4225 360,
592 4163 635 4211 12.
721 4159 784 4212 Tat.
807 4162 881 4228 lang.
905 4179 928 4213 a.
950 4167 992 4214 30.
1020 4158 1173 4217 doroteae
1199 4158 1229 4214 dl
1253 4160 1281 4215 ol

143 4236 178 4281 33
221 4232 258 4283 ad
274 4240 392 4283 nostram
409 4226 524 4295 partem]
547 4226 567 4279 i.
584 4244 609 4279 ο.
633 4225 668 4278 ud
719 4224 771 4293 τὴν
796 4222 889 4279 νότιον
917 4228 1056 4291 οἰκοῦντες
1078 4234 1138 4291 τοῖς
1160 4224 1281 4297 τὴνβόν

110 4303 324 4366 terrnepartern
337 4313 420 4365 quum
434 4295 669 4348 norhabitamua.
719 4302 795 4359 petav
820 4294 926 4347 οἰκοῦσι
949 4292 1044 4365 ζώνην.
1080 4299 1212 4350 Martiun.
1236 4297 1282 4363 lll,

145 4367 187 4414 33.
263 4383 292 4416 aa
322 4366 418 4417 Graeci
447 4356 593 4423 ἀποίκους
623 4380 669 4415 οο·
719 4361 810 4427 5604.
836 4361 976 4427 Forbiger
991 4366 1100 4419 blandb.
1119 4367 1145 4418 d.
1162 4368 1210 4418 alt.
1226 4364 1284 4417 Ge·

90 4431 183 4499 .eant]
206 4431 248 4483 c.
269 4433 405 4483 Geminas
426 4430 541 4498 lengog.
564 4430 593 4480 in
615 4429 670 4481 Pe·
720 4444 783 4496 ogr.
806 4428 833 4491 l,
860 4448 885 4496 p.
903 4434 963 4483 364.
998 4432 1089 4503 Pauly
1108 4434 1283 4488 Real-Enel.

110 4506 168 4554 tar.
185 4498 300 4551 Uranol.
318 4517 345 4566 p.
363 4504 406 4551 36.
424 4491 578 4551 durarunt
594 4488 625 4552 db
643 4492 671 4550 ol
721 4513 745 4547 a.
765 4511 790 4548 v.
813 4497 977 4565 Antipoder.

1090 4596 1126 4661 ll
