2950 4992
268 169 404 238 uolut.
425 168 470 238 IN
489 167 617 236 SOMN.
639 165 738 234 sum.
780 169 856 234 alu.
878 170 901 235 Ι.
944 170 1034 239 CAP.
1055 173 1094 239 X.
1115 174 1170 241 XI.
1262 177 1303 244 ul
1370 268 1373 276 Ι

136 339 258 426 tyranni
281 339 400 416 volens,
425 358 518 436 quam
539 344 690 424 perpetuo
712 343 800 401 metu
825 337 936 402 misera
957 359 1112 428 quamque
1135 343 1304 433 inpenden·
1370 375 1373 382 ¹

136 427 215 490 tium
235 444 356 508 semper
375 425 583 508 periculorum
604 423 693 506 plena
716 430 812 497 esset,
839 422 1015 503 ostendere,
1043 428 1176 510 gladium
1198 434 1305 516 vagina

136 518 258 595 raptum
283 517 315 572 et
339 529 357 574 a
385 509 493 592 capulo
520 508 557 571 dc
586 507 638 572 filo
663 507 750 571 tenui
780 506 964 590 pendentem
995 531 1140 576 mucrone
1171 515 1304 582 demisso

84 651 93 660 .
137 595 225 659 iussit
242 593 399 658 familiaris
422 593 504 656 illius
530 592 622 676 capiti
645 592 727 657 inter
751 591 857 675 epulas
881 592 1056 657 imminere:
1095 617 1227 683 cumque
1254 602 1304 668 ille

135 688 167 743 et
188 679 304 744 Siculas
324 686 356 742 et
375 677 548 762 tyrannicas
568 677 670 761 copias
690 675 859 762 praesentis
879 677 988 741 mortis
1011 677 1146 763 periculo
1168 705 1305 766 gravare-

133 770 200 828 tur:
228 763 311 828 Talis
333 769 395 837 est,
421 762 523 846 inquit
541 761 724 847 Dionysius,
750 761 813 826 vita
835 781 927 910 quam
950 762 1072 827 beatam
1093 767 1235 848 putabas:
1263 771 1306 835 sic

856 867 872 912 e

134 869 256 933 semper
285 855 416 911 mortem
447 847 535 910 nobis
563 847 774 911 imminentem
803 846 832 912 vi
875 866 957 912 mus:
999 848 1142 928 aestima,
1183 854 1306 938 quando

134 955 201 999 esse
221 934 295 998 lelix
318 931 432 1016 poterit
452 931 506 1016 qui
527 932 636 997 timere
658 954 721 996 non
744 931 863 996 desinit.
906 931 1084 998 Securmum
1105 935 1181 1000 baec
1204 937 1305 1022 igitur,
1319 945 1356 1011 17

133 1040 215 1104 quae
235 1040 253 1082 a
273 1016 426 1101 theologis
448 1016 645 1092 adseruntur,
675 1016 702 1080 si
724 1036 796 1080 vere
817 1018 939 1103 quisque
961 1041 1033 1083 suos
1047 1022 1186 1116 patrinus
1205 1045 1307 1089 umnec
1379 1043 1382 1050 “

133 1111 166 1167 et
184 1102 299 1167 inleros
319 1101 351 1164 in
374 1100 422 1165 his
443 1101 623 1186 corporibus
643 1121 710 1165 esse
734 1100 901 1174 credimus,
924 1102 997 1186 quid
1020 1103 1103 1169 aliud
1125 1105 1306 1194 intellegen-

134 1188 210 1252 dum
231 1194 278 1250 est
299 1207 391 1271 quam
413 1187 493 1251 mori
514 1186 663 1263 animam,
703 1207 772 1249 eum
798 1184 835 1249 ad
858 1186 995 1269 corporis
1016 1187 1135 1254 inlerna
1154 1192 1307 1280 demergi·

134 1271 201 1350 tur,
221 1272 323 1337 vivere
345 1279 461 1349 autem,
483 1292 554 1336 eum
572 1270 610 1335 ad
626 1291 737 1355 supera
757 1277 827 1356 post
849 1290 960 1355 corpus
982 1271 1105 1336 evadit?

221 1357 277 1420 XI.
318 1357 492 1421 Dicendum
513 1364 569 1432 est,
588 1356 662 1442 quid
684 1355 732 1420 his
754 1364 859 1441 postea
881 1355 945 1420 ueri
964 1355 1123 1421 sollicitior
1143 1357 1308 1444 inquisitor
1340 1365 1354 1428 l

135 1440 349 1527 philosophiae
369 1443 471 1508 cultus
497 1441 651 1506 adiecerit
694 1442 774 1506 Nam
797 1447 829 1504 ct
854 1439 907 1523 qui
935 1440 1070 1524 primum
1091 1441 1307 1528 Pythagoram,

135 1535 169 1590 et
191 1527 245 1612 qui
267 1534 374 1612 postea
391 1527 552 1592 Platonem
574 1525 672 1590 secuti
695 1533 777 1602 sunt,
794 1525 871 1588 duas
891 1545 958 1588 esse
980 1533 1104 1605 mortes,
1126 1549 1219 1593 unam
1242 1533 1307 1598 ani·

136 1633 214 1689 mae,
235 1611 377 1677 animalis
395 1613 534 1687 alteram,
555 1610 775 1696 prodiderunt:
798 1609 877 1672 mori
896 1609 1018 1685 animal,
1039 1631 1108 1676 cum
1126 1613 1227 1679 anima
1247 1617 1308 1682 dis-

136 1697 218 1762 cedit
235 1718 252 1761 e
272 1717 411 1782 corpore,
432 1697 530 1784 ipsam
551 1715 625 1760 vero
645 1695 778 1759 animam
801 1694 880 1758 mori
901 1695 1086 1772 adserentes,
1108 1717 1178 1761 cum
1197 1721 1215 1762 a
1234 1701 1358 1780 sim-[sq
1398 1771 1402 1778 ¹

158 1782 208 1846 lici
229 1788 261 1845 et
282 1781 440 1846 individuo
464 1781 549 1846 lonte
576 1788 704 1845 naturae
731 1781 763 1844 in
792 1779 929 1844 membra
957 1799 1105 1865 corporea
1133 1782 1308 1869 dissipatur.

126 1803 179 1931 bt
199 1866 272 1951 quia
293 1885 356 1930 una
378 1887 416 1931 cx
438 1866 487 1931 his
507 1865 680 1945 manifesta,
717 1873 749 1930 ct
769 1864 913 1930 omnibus
936 1871 1008 1930 nota
1028 1873 1090 1946 est,
1128 1867 1223 1936 ultera
1244 1895 1307 1940 non
1337 1877 1359 1942 Ξ

935 2017 1019 2080 [Edd.
1040 2017 1242 2090 ricnbgspdsb.

135 2128 170 2142 -
188 2120 266 2170 quum
284 2108 355 2163 (om.
373 2109 436 2170 que]
457 2107 500 2155 vt.
519 2133 553 2142 -
571 2107 654 2173 cupiti
672 2105 807 2157 imminere
823 2104 916 2177 epulus
933 2111 1010 2170 [sup.
1027 2105 1090 2157 edd.
1109 2108 1190 2168 inter)
1213 2111 1263 2162 Ru
1280 2141 1308 2152 -

136 2171 183 2223 ille
207 2179 232 2222 et
256 2170 715 2240 susurremus-gummarus
736 2179 815 2240 [sup.
839 2175 908 2224 inter
930 2173 1068 2235 „membn
1088 2175 1200 2224 altera“
1224 2178 1311 2230 Gran.

136 2237 155 2290 ἱ.
174 2255 197 2292 c.
217 2237 280 2298 Lu).
319 2239 365 2290 ille
382 2241 470 2291 inter
490 2241 529 2292 ΠΙ
549 2243 687 2306 „menube
708 2239 869 2307 antiquior“
886 2239 970 2289 Gron.
989 2239 1036 2289 ΥΞ.
1074 2240 1121 2290 illo
1140 2248 1165 2290 et
1183 2241 1266 2294 inter
1285 2247 1311 2296 G

137 2307 186 2356 ts.
225 2307 270 2358 ille
286 2307 373 2358 inter
390 2315 415 2358 et
438 2306 534 2359 s-bLl.
555 2337 589 2347 -
611 2311 717 2360 Siculus
735 2309 812 2374 (sup.
835 2305 898 2356 add.
917 2307 1014 2372 depes,
1040 2307 1112 2371 quod
1129 2307 1312 2372 amplectitur

138 2373 238 2439 Gron.)
260 2376 398 2437 „membn
420 2376 491 2426 alt.“
512 2376 596 2426 Gran.
620 2372 639 2426 ἰ.
663 2391 687 2425 e.
708 2373 757 2422 La.
798 2373 901 2439 epulus
924 2373 999 2438 (sup.
1026 2373 1146 2436 Siculus)
1171 2379 1311 2436 „membra

137 2443 215 2492 unt.“
240 2441 325 2492 Gron.
357 2469 385 2479 -
413 2444 566 2507 tyrannicus
588 2443 656 2504 (cru.
681 2440 787 2504 copias)
811 2437 947 2500 „membr¹
969 2439 1041 2487 alt.“
1064 2437 1149 2486 Gran.
1173 2439 1193 2488 i.
1214 2458 1239 2492 e.
1261 2443 1310 2497 L2,

136 2511 291 2576 tyrannicus
310 2525 386 2575 apes
407 2507 536 2569 „Oxon.“
560 2507 646 2558 Grun.
668 2505 777 2556 Gl2l'3.
804 2531 830 2540 -
856 2510 1018 2570 gravaretur
1038 2501 1309 2561 ursaceus-urm

137 2575 275 2641 „membr
298 2580 355 2624 eat.
374 2580 402 2624 et
420 2574 490 2623 alt“
514 2573 600 2623 Gran.
653 2575 871 2635 aspernaretur
893 2567 1017 2636 Buram-g
1039 2568 1205 2632 „cbartac.“
1227 2575 1312 2629 Gran,

140 2644 324 2708 despiceret
339 2639 468 2703 ‚,0xon.“
488 2639 573 2689 Gron.
595 2666 623 2676 —
644 2638 730 2702 inquit
747 2637 804 2686 vitu
824 2635 953 2686 dionisius
970 2635 1021 2686 Rl.
1039 2662 1072 2674 -
1088 2654 1188 2705 semper
1204 2652 1312 2696 martem

138 2710 213 2760 notis
231 2707 358 2757 Brute.
393 2723 493 2772 semper
509 2706 583 2756 nobis
599 2712 706 2756 mortem
724 2701 796 2754 satu.
830 2701 905 2753 nobis
921 2713 1141 2770 sempermortem
1158 2707 1260 2763 Edd.P.
1282 2741 1310 2750 -

142 2775 251 2827 extima
268 2773 341 2824 Βιιιι.
377 2774 499 2824 existima
516 2789 593 2842 ergo
612 2789 673 2840 v-g.
698 2799 723 2808 -
745 2771 831 2836 foelix
847 2786 902 2820 esse
923 2787 976 2839 v—pp
997 2771 1051 2832 (Rl
1066 2774 1160 2838 felir).

141 2845 185 2892 17.
219 2840 282 2891 baec
298 2857 378 2908 ergo
392 2839 463 2890 Bes.
483 2867 511 2878 —
529 2843 558 2892 si
575 2858 640 2892 uero
658 2840 709 2891 Rl.
744 2836 862 2906 quisquc]
877 2836 956 2906 virg.
970 2839 1037 2889 den.
1054 2839 1098 2898 Vl,
1113 2844 1172 2892 743.
1191 2869 1225 2881 -
1238 2846 1313 2911 φής.

140 2908 209 2977 quis
227 2925 287 2959 suns
311 2906 343 2958 Β.
378 2925 439 2958 suos
457 2909 565 2976 quisque
587 2925 646 2976 mg.
665 2934 699 2946 ·-
717 2923 809 2956 munes
824 2905 942 2974 petimur
964 2907 1015 2958 Ru.
1032 2935 1067 2946 -
1089 2908 1117 2960 s‘n
1133 2909 1176 2960 bis
1194 2915 1312 2980 corpori-

140 2979 189 3028 bus
206 2992 260 3025 orn.
279 2976 331 3026 ΕΙ.
353 3003 381 3012 -
402 2976 471 3026 dum
492 2978 529 3026 ud
547 2976 597 3027 Rl.
619 3003 646 3013 -
673 2972 844 3042 dimergitur
860 2972 890 3023 F.

209 3043 256 3094 xl.
299 3045 386 3110 Caput
408 3043 456 3095 XI.
496 3045 567 3108 Quid
584 3051 609 3095 et
626 3043 671 3095 ubi
688 3043 770 3106 inseri
788 3041 929 3100 secundum
949 3039 1115 3104 Platonicum
1140 3043 1246 3110 quando
1263 3045 1313 3098 bu-

139 3127 199 3163 rum
216 3113 347 3163 sententia
364 3118 411 3161 cut
429 3112 640 3175 uiuereunirna,
659 3110 806 3173 autmari,
824 3111 939 3160 dicotur:
968 3108 1046 3160 cb-b.
1200 3114 1224 3162 1.
1261 3113 1313 3164 Dr'-
1386 3141 1392 3154 .

139 3179 251 3231 cendum
269 3185 377 3228 uutcsu
391 3184 429 3229 est
444 3178 475 3231 F.
493 3207 529 3220 ·-
545 3196 611 3231 uero
628 3179 678 3228 ΒΞ.
698 3204 730 3216 -
750 3179 843 3228 cultor
862 3175 894 3226 Β.
909 3202 942 3211 -
958 3183 1122 3244 pytagorae
1138 3175 1171 3227 B.
1191 3203 1224 3216 ·—
1241 3198 1314 3233 con.

140 3247 223 3298 secuti
240 3253 301 3297 suut
320 3244 350 3296 F.
368 3273 405 3287 ·-
420 3246 488 3298 mori
508 3255 613 3299 cutem
632 3244 733 3296 animal
752 3243 824 3296 Bes.
843 3269 877 3281 -
895 3259 912 3292 u
930 3259 1036 3312 corpore
1053 3242 1085 3294 [a.
1103 3246 1241 3312 -·ipscm
1258 3265 1315 3300 uu·

141 3323 203 3367 teus
220 3319 298 3379 (sup.
317 3317 391 3371 uero)
411 3312 442 3365 F.
460 3339 496 3351 —
513 3315 631 3365 unimam
648 3317 718 3372 [om.
733 3313 812 3369 mors]
831 3309 902 3360 Bru.
1048 3315 1073 3361 2.
1109 3313 1228 3364 omnibus
1245 3319 1314 3372 [om.

141 3463 284 3515 videndus
297 3462 412 3514 uberius
424 3461 575 3513 Turnebus
588 3460 703 3512 Adsere.
753 3475 805 3526 pus
823 3458 965 3510 narrantis
980 3457 1118 3512 Macrobii
1134 3461 1234 3515 reterri
1252 3481 1317 3532 poa-

142 3532 263 3598 primo.“
289 3531 375 3582 Ροιιτ.
411 3530 500 3580 Imma
518 3530 579 3597 agit
597 3530 631 3579 de
649 3528 705 3578 hoc
754 3527 802 3577 sit.
836 3525 890 3577 Sed
914 3543 948 3578 ex
967 3527 1035 3578 Mas.
1058 3528 1127 3594 (vid.
1154 3547 1212 3582 urar.
1236 3533 1316 3598 lect.)

142 3600 228 3650 uerbo
244 3597 394 3650 Turnebus
411 3598 525 3648 Adsere.
542 3596 638 3658 xxw,
650 3599 705 3657 24„
754 3593 932 3646 scribendum
965 3595 1083 3658 cuidam,
1119 3601 1150 3649 ut
1181 3608 1316 3667 perpetuo

142 3665 193 3717 nbi
214 3665 269 3729 ait,
295 3683 357 3716 enm
374 3665 466 3732 primu
487 3663 568 3715 verbi
594 3663 706 3715 notione
755 3661 893 3714 assolet-‘⁶
920 3663 1010 3713 Gnon.
1052 3664 1158 3732 lungae
1182 3671 1317 3736 quondam

143 3733 269 3786 incubare
286 3732 501 3798 dicaturpullis
519 3730 638 3799 gallina,
657 3747 708 3796 per
756 3757 790 3770 -·
809 3729 948 3780 volens-
972 3733 1107 3784 ostendere
1142 3771 1151 3786 .

145 3801 360 3852 translationem
390 3800 446 3850 dici
474 3800 599 3866 aliquem
629 3799 707 3850 incu—
792 3813 900 3864 cumque
917 3797 963 3848 ille
983 3799 1089 3850 Siculas
1168 3802 1318 3868 copias...

144 3870 221 3934 bare,
253 3869 300 3936 qui
318 3868 379 3919 iure
397 3885 450 3919 non
469 3867 626 3934 possideat,
656 3865 707 3918 sed
758 3863 932 3934 gravaretur]
960 3865 1039 3930 „Non
1063 3872 1214 3932 potuerunt
1236 3867 1318 3917 baro-

146 3951 198 4004 per
215 3935 272 3986 vim
292 3934 488 3999 sellularium,
508 3934 579 4000 quod
598 3931 645 3998 qui
666 3931 709 3984 sic
759 3949 808 3982 nes
827 3930 873 3982 illl
893 3932 922 3996 [i.
940 3949 963 3981 e.
982 3933 1105 3984 editores
1118 3933 1251 3984 Macrobii
1271 3951 1320 3983 us-

146 4003 325 4069 pcssideant,
354 4005 382 4054 in
401 4004 462 4054 loeo
478 3999 587 4052 assidui
605 4000 663 4050 sint
681 4005 710 4050 et
760 4014 813 4066 que
831 4000 864 4050 ad
886 3999 1069 4066 Stephanum]
1091 4015 1263 4064 concoquere
1285 3995 1318 4051 ed

146 4072 226 4122 uelut
244 4073 355 4122 cubent.
390 4070 467 4121 Adue
485 4068 546 4134 Liv.
565 4067 610 4129 vt,
630 4070 670 4128 15,
683 4072 709 4116 5.
760 4066 873 4134 gravari
888 4061 1062 4132 ἒνιργητικῶς
1079 4067 1206 4131 usurpari
1227 4073 1254 4116 et
1270 4082 1320 4131 ap-

145 4139 301 4190 r'ncubuutes
317 4138 431 4206 publicis
451 4136 584 4190 thesauris
605 4151 629 4186 e.
651 4139 708 4185 not.
761 4132 826 4199 poni
857 4131 884 4182 ei
910 4147 1006 4182 casum
1032 4139 1169 4198 quartum.
1210 4132 1277 4184 Vide
1303 4150 1320 4185 a

145 4205 234 4257 Drak.
781 4206 841 4250 stre
871 4213 933 4248 meo
969 4205 1102 4250 annotata
1131 4199 1165 4248 ud
1197 4198 1320 4252 Senecae
1406 4210 1409 4216 “

243 4305 271 4319 ..
308 4303 315 4318 .
789 4265 909 4332 byestcn
938 4280 979 4314 vs.
1007 4269 1063 4315 105.
1107 4265 1213 4316 Siculae
1239 4269 1321 4332 depes

177 4306 315 4370 famum*
339 4303 472 4371 imam
493 4302 552 4368 ⁸¹¹⁰]
583 4299 658 4365 ’βοὰ
682 4301 712 4351 et
762 4333 897 4396 famosae,
917 4330 1138 4383 audemusne.
1157 4331 1321 4402 [c.5,§24.]

147 4377 206 4424 ‘⁰¹¹¹
226 4387 345 4439 ‘1⁰⁰‘lu0’
363 4376 394 4422 '¹²
410 4375 489 4434 imm
506 4387 540 4421 ⁰¹
551 4369 611 4421 ⁰3⁰·
625 4367 712 4418 Tm·
763 4413 887 4450 mensam
907 4397 1032 4449 Siculam
1052 4399 1227 4452 etdsinnam
1247 4417 1323 4452 ccm-

146 4448 257 4506 ‹uuett-
275 4439 305 4501 v,
318 4440 372 4501 Ὧι
388 4453 451 4488 ⁰⁰¹⁰
469 4434 713 4518 '³²⁸⁰.¹”⁰“⁰¹¹¹⁰·
763 4465 872 4534 ponaer·
891 4465 982 4516 ceca.
1018 4465 1061 4517 cr.
1079 4467 1178 4521 floras.
1201 4469 1242 4522 ou
1270 4469 1313 4522 ιιι

148 4505 435 4570 saefidemiacesets
452 4504 712 4572 qnamrrsadtern-
767 4538 848 4600 l,18·
867 4531 1159 4604 ibiquoqnpefprepeffi
1246 4509 1252 4523 ’
1314 4508 1322 4535 ’
