2950 4992
446 1498 1003 1620 occursuro

105 1841 199 1923 Per
218 1854 281 1920 duo
302 1855 432 1942 amplius
454 1857 555 1921 secula
574 1856 698 1921 adversa
719 1857 841 1924 fortuna
860 1880 935 1926 usus
955 1868 1004 1925 est
1017 1859 1202 1926 Macrobius.
1238 1858 1330 1925 Multi

107 1977 148 2034 er
175 1955 242 2022 eius
266 1955 350 2024 sonte
375 1959 554 2037 hauserunt,
590 1959 643 2024 sed
666 1957 782 2024 exstitit
807 1981 898 2027 nemo
924 1959 978 2047 qui
1004 1962 1078 2028 limo
1105 1961 1186 2028 hunc
1211 1960 1327 2028 iontem

104 2067 267 2145 purgaret,
303 2069 485 2147 curaretque
512 2081 575 2147 quo
601 2059 764 2147 liquidiore
790 2062 899 2127 llueret
924 2083 1012 2149 aqua.
1057 2065 1236 2150 Attigerunt
1260 2063 1327 2151 qui·

106 2162 179 2227 dem
201 2175 266 2227 rom
288 2163 474 2249 complures,
509 2163 563 2229 sed
586 2163 760 2230 valetudine
782 2164 859 2228 alius
880 2164 1046 2250 impeditus
1068 2173 1127 2243 est,
1161 2167 1328 2252 quominus

107 2285 191 2342 eam,
214 2271 251 2328 ut
269 2265 373 2343 vellet,
401 2265 573 2350 perliceret,
597 2265 674 2330 alius
698 2264 736 2329 ad
758 2271 879 2330 tantum
900 2285 965 2330 non
985 2265 1151 2352 perlectam
1173 2267 1328 2332 levissimo

109 2365 203 2432 modo
228 2364 355 2432 accessit
381 2385 463 2444 sero,
498 2365 549 2431 alii
577 2367 649 2430 satis
673 2365 848 2430 habuerunt
880 2367 981 2430 moliri
1013 2373 1045 2430 et
1076 2387 1183 2450 parare
1215 2367 1327 2431 instru-

109 2477 225 2546 menta,
259 2489 298 2534 ne
321 2467 533 2551 aggredientes
558 2467 683 2551 quidem
709 2465 748 2530 ad
771 2485 850 2550 opus
874 2466 987 2529 laboris
1009 2465 1165 2550 taediique
1188 2468 1328 2548 multum,

107 2570 280 2636 mercedem
300 2569 553 2652 voluptatemque
577 2566 639 2630 lere
661 2566 776 2629 nullam
797 2566 974 2643 allaturum,
997 2566 1127 2651 negotiis
1148 2568 1211 2635 sive
1233 2570 1326 2636 maio-

109 2673 195 2738 ribus
219 2669 282 2734 sive
308 2665 493 2752 gratioribus
518 2667 642 2732 distenti
668 2667 703 2753 1).
752 2671 795 2731 nt
826 2675 904 2732 nova
934 2688 1007 2732 cura
1036 2689 1114 2754 opus
1141 2690 1208 2736 esse
1233 2693 1325 2740 nemo

111 2771 240 2858 negavit.
305 2768 390 2849 Quid
425 2789 497 2854 ergo
535 2769 659 2847 mirum,
700 2769 784 2854 quod
821 2788 902 2834 anno
935 2770 1148 2838 MDCCCXL.
1190 2774 1325 2841 Senecae

112 2873 219 2943 edendi
238 2869 363 2937 consilio
387 2869 522 2935 deiectus
541 2871 749 2956 obtemperavi
767 2872 860 2935 Iunio
879 2871 1035 2952 Srmanro,
1056 2895 1191 2959 quocum
1218 2897 1236 2939 e
1259 2884 1323 2941 stu·

110 2981 228 3046 diorum
253 2963 463 3039 Plinianorum
489 2973 704 3039 coniunctione
729 2993 837 3038 omnes
860 2973 935 3038 mihi
955 2983 1027 3040 sunt
1045 2976 1197 3041 amicitiae
1218 2998 1322 3044 ncces·

110 3078 267 3155 situdines,
293 3076 446 3154 suadenti,
469 3083 505 3141 ut
526 3097 576 3140 me
598 3083 807 3140 converterem
830 3074 868 3141 ad
891 3075 973 3141 hunc
994 3077 1174 3164 scriptorem
1197 3077 1250 3143 diu
1268 3101 1321 3146 nc·

110 3183 257 3270 glectum?
293 3179 416 3245 Scilicet
438 3177 559 3244 codices
580 3177 645 3242 eius
665 3177 783 3262 aliquot
806 3179 1047 3264 manuscriptos
1069 3181 1108 3245 ab
1132 3179 1156 3244 1.
1176 3178 1213 3245 G.
1232 3181 1320 3247 Kar·

110 3305 242 3350 armanno
266 3280 340 3345 mihi
366 3279 610 3368 subministratos
638 3287 707 3344 ante
740 3279 934 3358 decennium,
964 3281 1015 3344 illo
1036 3280 1159 3367 quidem
1183 3288 1322 3368 temporo

111 3387 146 3452 ad
165 3383 320 3452 Ciceronis
344 3381 447 3467 potius
468 3379 629 3446 Somnium
654 3379 806 3464 Scipionis
831 3401 924 3466 quam
949 3381 988 3445 ad
1008 3381 1157 3445 Macrobii
1181 3392 1321 3468 spectans

112 3483 359 3560 Commentarios,
379 3481 411 3545 in
430 3481 570 3546 manibus
591 3481 757 3546 habueram
777 3482 808 3545 in
828 3481 1012 3547 bibliotheca
1032 3481 1115 3564 regia
1128 3483 1321 3552 Monacensi:

112 3593 182 3656 duos
204 3587 279 3653 alios
300 3585 372 3650 satis
393 3591 545 3660 vetustos,
581 3584 710 3648 alterum
733 3583 801 3648 illos
827 3583 1071 3650 Commentarios
1105 3583 1233 3652 alterum
1257 3596 1319 3655 tres

113 3689 347 3759 Saturnaliorum
373 3687 468 3752 libros
494 3685 714 3763 continentem,
745 3684 879 3750 videram
905 3687 937 3751 in
963 3684 1147 3752 bibliotheca
1171 3689 1318 3756 Bamber-

113 3793 198 3880 gensi.
241 3791 342 3857 Huius
365 3787 575 3875 praelectum·
594 3787 633 3852 fl.
654 3788 678 3852 l.
700 3788 874 3865 Issorion,
908 3788 996 3853 cuius
1021 3794 1151 3853 mortem
1176 3780 1239 3856 noir
1256 3791 1317 3856 du-

112 3896 169 3961 bito
195 3893 269 3979 quin
297 3911 418 3957 mecum
443 3889 544 3954 doleat
566 3888 705 3974 quisquis
730 3888 778 3957 his
805 3889 892 3954 annis
924 3889 1124 3974 quadraginta
1151 3912 1226 3955 usus
1256 3889 1319 3958 lere

113 3997 223 4062 intactis
244 4003 335 4060 antea
353 3993 411 4057 illis
433 3990 583 4056 thesauris
605 3991 712 4069 sensit,
743 4000 857 4077 quanta
879 3990 970 4056 luerit
991 3992 1057 4062 eius
1078 3991 1207 4053 comitas
1225 3996 1319 4076 atquc

113 4097 280 4175 liberalitas,
309 4096 442 4182 primum
466 4093 527 4158 adii
550 4093 704 4178 precihus,
733 4101 770 4157 ut
792 4091 914 4158 illorum
942 4093 1082 4159 codicum
1108 4088 1182 4152 mihi
1206 4088 1320 4188 laceret

115 4200 234 4286 copiam,
269 4219 327 4264 nec
358 4195 469 4262 frustra
499 4193 529 4260 id
560 4193 630 4259 leci:
664 4193 775 4260 deinde
801 4193 942 4258 codicum
967 4187 1199 4278 Monacensium
1225 4213 1317 4264 usum

113 4389 407 4400 -ae—-ae--w--u
415 4387 503 4394 ...a-u·

174 4472 199 4530 ¹)
219 4470 262 4520 cl.
278 4472 491 4534 prolegomena,
510 4481 537 4529 p.
555 4479 603 4516 ιν.
622 4480 683 4530 sqq.
