2950 4992
177 85 221 154 88
659 81 868 150 Macaomr

149 255 294 322 8Decem
314 259 416 320 autem
438 252 505 330 aiii,
525 259 561 317 ut
581 252 732 330 diximus,
754 252 825 317 circi
846 257 933 317 sunt:
956 271 1090 337 quorum
1111 271 1194 318 unus
1214 259 1261 317 est
1279 251 1348 338 ipse

178 340 335 415 zodiacus,
377 338 430 424 qui
451 360 490 402 ex
514 337 563 402 his
584 338 689 403 decem
714 338 799 402 solus
820 338 922 422 potuit
949 337 1142 403 latitudinem
1170 337 1229 402 hoc
1254 337 1349 402 modo

150 427 272 512 iiquem
300 423 468 489 referemus
495 422 630 507 adipisci.
677 423 794 488 Natura
826 422 1004 487 caelestium
1032 422 1217 486 circulorum
1247 421 1348 487 incor-

132 509 296 595 [ar]poralis
317 516 364 572 est
383 508 479 584 linea,
506 527 586 592 quae
607 508 649 572 ita
671 515 775 572 mente
799 507 986 593 concipitur,
1011 515 1048 572 ut
1068 507 1132 570 sola
1156 507 1349 591 longitudine

183 602 358 669 censeatur,
388 591 484 657 latum
506 591 619 657 habere
646 614 709 657 non
731 592 842 677 possit:
882 591 986 657 sedin
1009 591 1131 656 zodiaco
1153 591 1349 656 latitudinem

127 679 341 777 ‚lusignorum
363 677 513 762 capacitas
535 677 685 762 erigebat.
733 677 893 755 Quantum
917 676 1010 762 igitur
1037 676 1126 762 spatii
1149 675 1209 740 lata
1229 677 1350 742 dimen-

184 784 230 828 sio
252 761 400 847 porrectis
421 761 573 826 sideribus
592 762 777 848 occupabat,
798 761 917 827 duabus
940 761 1029 826 lineis
1050 761 1213 825 limitatum
1235 769 1296 825 cst:
1318 769 1352 826 et

184 847 275 914 tertia
298 847 389 911 ducto
418 867 473 931 per
500 847 635 912 medium
665 847 805 933 ecliptica
835 855 974 922 vocatur,
1007 846 1094 931 quia,
1126 867 1196 910 cum
1223 866 1350 910 cursum

185 953 276 998 sunm
304 931 336 995 in
362 930 468 995 eudem
498 932 577 996 iinea
612 931 726 1018 pariter
760 931 805 996 soi
839 940 871 996 et
903 932 975 996 iuna
1007 931 1187 1007 conficiunt,
1224 930 1351 994 alterius

185 1037 294 1082 eornm
312 1036 436 1080 necesse
457 1024 504 1081 est
525 1017 648 1082 evenire
668 1016 836 1082 deiectum:
860 1016 943 1093 solis,
965 1015 989 1080 si
1012 1015 1040 1080 oi
1061 1023 1135 1080 tunc
1153 1015 1224 1080 iuna
1247 1036 1351 1080 succc-

137 1106 174 1169 ll
187 1103 254 1166 dat:
293 1101 397 1177 lunae,
427 1100 453 1164 si
474 1109 548 1166 tunc
569 1101 696 1166 adversa
718 1101 759 1166 sit
781 1101 848 1166 soli.
889 1101 963 1166 Ideo
986 1122 1041 1165 nec
1063 1100 1108 1164 soi
1133 1121 1277 1185 umquam
1298 1100 1353 1165 de·

186 1185 264 1262 ficit,
301 1185 359 1249 nisi
380 1205 451 1250 oum
479 1187 651 1252 tricesimus
671 1187 762 1250 lunae
784 1186 849 1251 dies
871 1193 932 1262 est,
968 1192 999 1249 et
1021 1185 1079 1250 nisi
1102 1185 1212 1270 quinto
1234 1185 1353 1249 decimo

186 1290 295 1335 cursus
323 1269 371 1334 sui
396 1269 446 1334 die
472 1272 570 1336 nescit
595 1273 667 1336 iuna
693 1270 856 1336 deiectum.
899 1269 948 1336 Sic
977 1271 1059 1334 enim
1087 1271 1206 1346 evenit,
1238 1277 1275 1335 ut
1300 1277 1355 1335 aut

186 1355 405 1430 lunaecontra
428 1354 524 1420 solem
546 1357 665 1443 positae
684 1357 722 1420 ad
745 1355 948 1421 mutuandum
972 1356 1010 1420 ab
1038 1376 1075 1419 eo
1102 1355 1226 1421 solitum
1249 1355 1355 1420 iumen

188 1441 246 1504 sub
266 1439 374 1504 eadem
395 1439 538 1506 inventus
559 1443 639 1507 linea
657 1449 758 1506 terrae
777 1462 872 1506 conus
893 1440 1031 1517 obsistat,
1054 1448 1107 1504 aut
1126 1439 1209 1504 solii
1234 1460 1265 1504 sa
1288 1460 1355 1504 suc·

140 1525 180 1590 12
190 1525 302 1589 cedens
322 1523 446 1590 obiectu
471 1547 528 1592 suo
549 1527 587 1592 ab
610 1527 746 1597 humano
770 1533 896 1612 aspectu
922 1525 1025 1591 lumen
1048 1525 1114 1589 eius
1140 1461 1276 1608 repeilat.
1317 1526 1355 1590 ln

190 1609 311 1675 deiectu
331 1630 405 1696 ergo
426 1611 471 1676 soi
495 1613 561 1699 ipse
581 1612 623 1676 nii
645 1612 775 1698 patitur,
813 1611 866 1676 sed
889 1618 993 1675 noster
1019 1609 1176 1674 iraudatur
1199 1618 1355 1758 appeotus:

190 1696 264 1760 luna
287 1716 359 1759 vero
381 1694 459 1760 circa
481 1698 641 1783 proprium
668 1695 821 1762 deiectum
851 1696 969 1762 laborat
995 1717 1057 1760 non
1084 1694 1218 1780 accipian
1241 1716 1260 1758 o
1282 1694 1355 1759 solis

190 1780 305 1855 lumen,
323 1779 411 1846 cuius
428 1781 576 1848 beneficio
596 1791 716 1847 noctem
736 1784 862 1848 colorat.
906 1780 998 1859 Quod
1017 1781 1115 1848 sciens
1129 1780 1277 1865 Virgilius
1295 1779 1356 1845 dis·

190 1865 372 1950 cipiinarum
393 1867 532 1932 omnium
554 1867 757 1954 peritissimus
778 1867 836 1932 ait:

275 1951 413 2048 Defectus
431 1953 502 2017 soles
522 1955 624 2018 varios
650 1953 796 2040 lunaeque
815 1951 937 2014 luderes

192 2035 341 2114 Quamvis
361 2035 455 2120 igitur
474 2038 569 2102 trium
589 2037 740 2100 linearum
760 2037 869 2101 ductus
892 2032 1102 2098 zodiacumet
1122 2031 1244 2097 claudat
1262 2038 1294 2096 et
1311 2032 1357 2097 di·

192 2120 289 2199 ridat‚
327 2141 424 2187 unum
444 2129 548 2188 tamen
576 2121 691 2190 ciccum
712 2127 820 2186 auctor
841 2116 1059 2184 vocabulorum
1081 2115 1140 2180 dici
1160 2115 1258 2183 voluit
1277 2118 1357 2181 anti·

259 2272 328 2325 diss.
348 2272 611 2338 casamariam]

191 2366 269 2416 runt
294 2361 375 2427 puin
400 2361 433 2412 in
455 2366 599 2428 utroque
625 2359 662 2426 (F
688 2357 820 2424 utroque)
847 2355 1003 2408 obviante
1034 2353 1185 2406 solstitio
1211 2353 1358 2404 ulterius

192 2427 276 2480 solis
297 2428 471 2481 inhibetur
493 2427 639 2481 accessio
669 2425 705 2492 (G
726 2442 743 2478 a
767 2443 792 2492 p.
818 2441 854 2475 m.
876 2421 1023 2496 accersio).
1065 2429 1094 2474 et
1115 2423 1160 2484 fit
1181 2437 1358 2488 regressus

193 2495 234 2546 ud
255 2512 361 2547 sonae
382 2496 467 2548 oium
488 2495 565 2562 (GRi
591 2511 708 2547 numae
731 2493 800 2558 uie)
823 2493 916 2543 cuius
939 2487 1097 2542 terminos
1115 2505 1289 2555 numquam
1308 2504 1357 2539 re-

193 2563 319 2630 linquit
341 2563 378 2629 (F
399 2565 531 2632 reliquit)
559 2563 627 2628 (om.
658 2563 758 2626 Quibus
843 2559 941 2624 lacteo)
965 2556 1268 2607 CFR1P4E12H13H2.
1312 2555 1359 2606 ln-

194 2637 270 2682 serte
291 2636 356 2681 sunt
377 2629 440 2697 ipsa
461 2630 563 2698 cupitis
586 2635 632 2693 le,
656 2631 709 2695 §L
732 2630 832 2690 sorba,
862 2627 896 2678 ad
921 2641 992 2694 quine
1014 2624 1164 2676 referenda
1187 2629 1268 2675 erant
1288 2623 1318 2673 h.
1341 2623 1359 2674 Ι.

195 2697 310 2748 omissa.
435 2702 461 2749 8.
495 2707 525 2751 ut
537 2696 661 2765 diximus]
677 2696 872 2762 cim-es
887 2694 913 2744 X
922 2695 963 2745 tis
981 2691 1010 2742 G.
1136 2697 1161 2742 9.
1186 2695 1360 2743 'censeamus

196 2763 308 2814 8η-
325 2780 378 2815 non
389 2767 472 2831 possit
482 2766 576 2817 debus
585 2765 617 2818 F.
747 2767 787 2813 10.
822 2763 879 2814 tntu
892 2761 1017 2814 dimensio
1030 2759 1112 2826 spatii
1125 2759 1177 2810 Rl.
1212 2757 1360 2826 spntiiiuti

195 2831 323 2884 dimensio
340 2847 410 2882 v.-
427 2833 553 2900 occuput’
567 2832 597 2884 C.
634 2839 750 2898 occupet
766 2829 841 2880 aar.
858 2828 1034 2911 'occupavit
1054 2827 1106 2877 Ha.
1123 2857 1158 2868 -·-
1173 2835 1268 2907 ternu
1280 2828 1359 2877 ductu

196 2899 896 3030 tsai.ttt?“ttt:⁰i¹lt.⁰”1”.³stitit-⁰¹5¹?
909 2896 1007 3016 itt?
1014 2893 1359 3042 dimittitis·

196 3034 261 3085 add.
279 3033 309 3085 in
329 3050 388 3100 mg·
406 3032 436 3086 C.
451 3063 486 3072 —
507 3036 531 3087 si
547 3043 610 3088 tunc
625 3035 649 3085 ei
666 3033 699 3086 F·
735 3033 759 3084 si
776 3041 807 3085 et
824 3040 887 3084 tunc
903 3030 924 3081 C
943 3030 971 3081 in
991 3047 1048 3095 mg.
1065 3058 1099 3066 -
1116 3030 1240 3080 succedet
1258 3027 1308 3078 Rl.
1324 3056 1358 3064 -

198 3102 222 3153 si
237 3109 300 3153 tunc
322 3102 437 3153 eduma
455 3103 505 3154 soii
521 3103 556 3155 sit
579 3102 650 3167 (sic)
733 3100 879 3152 tricesimus
898 3115 955 3150 cum
977 3097 1048 3164 (sic)
1075 3097 1154 3148 lunae
1171 3095 1199 3160 (ξ
1219 3098 1272 3154 11.)
1296 3095 1358 3146 edd.

83 3185 86 3191 ’
198 3167 227 3219 in
246 3185 303 3236 mg.
327 3168 378 3219 RQ
394 3171 556 3222 -udcersu
575 3171 609 3221 sit
627 3168 703 3234 (snp.
719 3167 782 3219 edd.
799 3168 862 3229 soli)
882 3165 903 3215 G
921 3167 948 3217 in
966 3181 1024 3232 mg.
1176 3167 1217 3212 11.
1250 3178 1297 3213 nec
1315 3178 1359 3213 so-

198 3235 265 3286 lum
289 3252 369 3303 quum
393 3237 445 3288 Rl.
465 3267 499 3275 -
519 3238 599 3290 lunae
616 3245 654 3289 est
672 3237 740 3301 (om.
758 3235 827 3299 dies)
851 3235 921 3286 Bnn.
941 3263 976 3272 —
1000 3239 1025 3285 et
1042 3231 1075 3282 in
1093 3229 1183 3297 quinto
1207 3229 1241 3280 G.
1262 3258 1297 3268 —-
1319 3229 1360 3281 sui

196 3305 279 3356 nescit
297 3305 365 3369 (orn.
385 3305 442 3370 die)
460 3305 511 3357 [tr.
532 3334 567 3343 -
591 3305 626 3355 Si
643 3305 711 3356 enim
731 3303 863 3355 evenerit
881 3302 932 3352 Ra.
953 3330 988 3340 -
1013 3315 1092 3350 conus
1110 3297 1181 3350 linea
1197 3305 1283 3348 terrac
1306 3297 1360 3350 Hi.

197 3372 349 3424 -obiectu
367 3373 436 3438 (om.
453 3373 516 3438 suo)
533 3373 583 3424 Ru.
599 3400 634 3411 -
650 3388 703 3423 res
723 3379 780 3422 ectu
797 3368 848 3420 82.
1003 3369 1043 3418 la.
1080 3367 1110 3417 in
1129 3366 1232 3430 defectu
1250 3373 1361 3417 cutem

198 3439 313 3492 araas.
335 3467 369 3479 -
393 3440 527 3509 Defectus]
551 3440 655 3507 Georg.
677 3439 690 3489 l
712 3476 721 3504 ,
743 3441 803 3490 418.
827 3465 861 3477 -
883 3435 1020 3488 zodiacum
1039 3450 1091 3486 om.
1109 3433 1181 3484 Brea.
1196 3461 1231 3474 *-
1254 3433 1362 3486 claudet

198 3586 290 3650 orbis,
325 3604 374 3641 son
403 3590 496 3657 potius
525 3589 685 3642 coniectare
712 3593 757 3641 est
802 3588 926 3652 noctis,
960 3594 990 3639 ut
1019 3603 1076 3640 eum
1103 3585 1238 3642 obscurari
1262 3601 1361 3637 necesse

198 3660 353 3718 assecutus,
373 3659 445 3721 qnod
465 3657 668 3710 recentissimis
685 3663 756 3708 tem·
805 3659 855 3718 sits
896 3663 923 3708 ct
945 3655 1017 3706 Ptin.
1042 3653 1075 3706 N.
1093 3653 1131 3705 fl.
1155 3653 1198 3717 11,
1224 3657 1271 3716 10,
1292 3670 1315 3703 s.
1336 3657 1361 3703 7.
1387 3715 1389 3720 Ι

198 3721 315 3789 poribus
332 3738 384 3788 ope
398 3725 525 3776 tuborum
540 3742 557 3777 o
578 3725 697 3778 tinorum
713 3728 758 3788 est
809 3725 912 3791 Quippe
929 3723 1100 3788 menifestum
1117 3729 1156 3772 est
1238 3719 1362 3772 occultari

198 3787 270 3842 sutis
290 3791 529 3857 comprobaturum
571 3809 636 3844 scs.
806 3793 897 3843 lunum
933 3799 1019 3843 temne
1061 3789 1162 3840 adiectu
1282 3802 1363 3857 neque

234 3861 278 3908 10.
312 3860 392 3910 tertio
405 3860 485 3911 ductu
501 3877 548 3927 per
564 3861 678 3912 medium
692 3859 757 3911 ecli—
807 3859 884 3910 uliud
905 3875 959 3910 esse
979 3864 1081 3909 noctem
1099 3872 1179 3922 quum
1201 3862 1288 3906 terroe
1305 3871 1362 3906 um-

197 3925 408 3996 pticncncntur]
431 3926 510 3979 coni.
534 3927 698 3992 c.6‚§53.
720 3926 758 3978 nd
808 3926 890 3977 dcem.
928 3925 1089 3994 Figuram
1107 3931 1214 3975 nutem
1232 3922 1363 3974 umbras

198 3995 366 4046 medictatem
378 3995 530 4047 latitudinis
543 3993 681 4055 (zodiaci)
694 4010 757 4060 per-
809 3993 950 4045 similem
977 3999 1080 4044 metue
1104 4007 1140 4042 ue
1164 3989 1294 4042 turbini
1318 3989 1363 4040 in-

198 4062 284 4126 venit,
305 4062 351 4128 qui
368 4063 440 4115 incus
458 4063 609 4131 uppettutur
625 4061 757 4129 eclipti·
807 4076 909 4114 uerso.

200 4146 263 4184 cus.
841 4130 883 4186 12.
918 4133 1017 4178 noctem
1049 4123 1159 4193 coloret]
1195 4122 1364 4175 insolentius

233 4199 275 4247 11.
309 4194 498 4262 terrueconus]
518 4192 759 4247 tenuaretur·
808 4194 915 4248 dietam
949 4199 992 4244 est
1020 4208 1072 4259 pro
1103 4200 1204 4244 noctem
1237 4193 1365 4244 illustrata

168 4276 257 4312 ‘rae
292 4261 335 4312 Gi.
353 4264 438 4325 md,
460 4266 499 4312 18.
518 4267 546 4311 et
564 4260 622 4312 Cic.
641 4264 675 4315 de
693 4263 757 4314 niv.
808 4277 926 4326 namque
950 4276 1065 4326 prorsus
1093 4259 1153 4312 elia
1176 4276 1222 4310 res
1248 4264 1291 4310 est
1314 4259 1365 4310 soie

199 4326 242 4405 li,
261 4332 292 4390 6,
311 4332 352 4378 rt.
376 4331 483 4395 quando
500 4329 550 4379 itta
570 4330 666 4390 (inca)
684 4347 698 4382 e
714 4347 757 4381 rc·
808 4328 935 4386 colorari,
956 4325 1013 4377 Cic.
1032 4327 1067 4377 de
1085 4327 1133 4378 Or.
1151 4327 1192 4387 11,
1213 4328 1259 4389 14,
1277 4331 1320 4378 60.
1338 4329 1364 4375 at

232 4409 280 4442 one
302 4395 366 4444 sotis
383 4398 463 4458 suctu
487 4396 607 4448 incurrat
634 4399 668 4449 in
692 4415 758 4448 um·
808 4395 890 4461 Apul.
910 4393 944 4443 de
968 4393 1289 4460 dogna.1³tst.11‚1a.‚
1319 4392 1365 4446 nbi

222 4471 289 4506 rum
319 4466 447 4522 terrae,
482 4477 563 4527 pune
595 4471 643 4516 est
673 4470 759 4517 seete
811 4461 864 4514 sid.
883 4460 1062 4526 interpretes.
