2950 4992
220 128 282 196 142
701 122 911 191 uacnossu

220 295 395 373 monadm,
415 315 497 380 quae
516 301 549 359 ct
567 314 624 380 par
642 301 675 360 et
691 294 782 381 inpar
801 302 857 372 est,
877 296 995 381 primus
1018 316 1073 382 par
1094 316 1243 363 numerus
1261 318 1407 383 ponere-

219 394 288 460 tur,
323 381 354 447 id
380 389 428 445 cst
455 381 532 453 duo;
569 378 680 445 deinde
706 388 889 465 sequoretur
918 382 1035 467 primus
1057 382 1161 469 inpar,
1197 382 1229 447 id
1251 392 1299 449 est
1320 385 1407 459 tria;

219 476 330 557 quarto
350 468 418 531 loco
440 464 595 531 sccundus
616 486 689 550 par,
709 466 739 531 id
760 474 808 531 est
829 474 990 551 quattuor;
1016 468 1126 552 quinto
1150 470 1217 535 loco
1239 471 1406 535 secundus

218 556 322 641 inpar,
342 552 372 616 id
392 557 440 617 est
462 572 590 624 novem;
617 559 705 617 serto
725 552 794 617 loco
815 554 925 619 tertius
945 574 1015 639 par,
1034 554 1064 620 id
1087 564 1134 621 est
1154 562 1238 628 octo:
1260 558 1405 641 septimo

97 659 109 679 ·
210 642 286 707 loco
310 637 419 703 tertius
442 637 473 701 in
496 657 545 714 ar,
575 637 606 701 id
628 645 677 702 cst
694 636 803 723 viginti
826 646 858 704 et
875 646 1010 725 septem:
1049 648 1101 718 ut,
1130 641 1202 726 quia
1225 642 1315 725 inpar
1339 664 1405 707 nu·

218 746 322 791 merus
345 742 410 789 mas
432 658 564 787 hahetur
583 731 616 787 et
636 743 692 808 par
710 723 840 801 lomina,
876 747 914 791 or
936 725 1002 811 pari
1026 735 1058 791 et
1078 727 1200 813 inpari,
1230 727 1260 792 id
1284 736 1334 792 est
1356 750 1403 793 ex

218 831 303 877 mare
321 816 353 875 et
374 808 504 883 lamina,
530 817 726 887 nasceretur,
761 828 840 895 quae
861 822 928 876 erat
947 812 1090 878 universa
1114 813 1264 897 paritura,
1300 820 1332 877 et
1356 814 1403 879 ad

217 896 381 981 utriusque
403 894 589 960 soliditatem
608 916 709 980 usque
732 895 927 980 procederet,
964 898 1051 983 qnasi
1074 898 1208 963 solidum
1226 920 1316 963 omne
1338 922 1403 984 pe·

172 984 386 1052 liinetratura.
445 978 566 1045 Deinde
586 1001 625 1045 er
646 980 695 1046 his
716 981 855 1047 numeris
879 982 980 1049 luerat
1006 985 1225 1069 conponenda,
1257 981 1309 1069 qui
1332 987 1403 1050 soli

219 1067 380 1135 continent
405 1065 571 1151 iugahilem
598 1066 843 1152 conpetentiam,
882 1069 954 1154 quio
981 1070 1066 1135 omni
1090 1071 1207 1135 mundo
1233 1070 1298 1157 ipsa
1326 1080 1402 1136 erat

218 1152 384 1239 iugabilem
414 1159 605 1237 praestatura
636 1152 865 1217 concordiam..
895 1156 973 1223 Nam
1007 1156 1070 1221 duo
1101 1156 1140 1221 ad
1170 1178 1268 1222 unum
1297 1156 1397 1243 dupla

219 1247 307 1315 sunt,
346 1237 386 1302 de
408 1238 504 1322 duplo
528 1245 631 1303 autem
660 1233 717 1303 cat
743 1240 858 1303 πασῶν
885 1240 1099 1325 symphoniam
1126 1243 1208 1307 nasci
1231 1242 1291 1306 iam
1315 1242 1399 1308 diri=

218 1343 302 1391 mus:
335 1322 394 1389 tria
417 1344 490 1389 roro
508 1323 546 1389 ad
566 1324 631 1391 duo
655 1324 838 1391 hemiolium
863 1346 1027 1393 numerum
1047 1327 1177 1406 iaciunt,
1198 1327 1271 1393 hinc
1293 1328 1399 1393 oritur

218 1405 274 1475 aad
295 1406 403 1473 aiore:
445 1415 594 1494 quattuor
614 1408 652 1475 ad
672 1410 732 1475 tria
754 1410 897 1495 epitritus
919 1432 1067 1479 numerus
1087 1422 1148 1491 est,
1180 1436 1216 1478 ex
1240 1413 1301 1479 hoa
1320 1436 1399 1479 con-

217 1495 345 1582 ponitur
365 1490 420 1558 διὰ
440 1489 621 1578 assatam:
660 1495 736 1561 itam
754 1504 903 1581 quattuor
924 1498 962 1563 ad
984 1520 1082 1565 unum
1105 1500 1138 1563 in
1159 1499 1322 1585 quadrupli
1345 1522 1397 1565 ra-

217 1583 303 1647 tione
332 1588 513 1659 censentur,
551 1602 589 1647 er
624 1602 687 1667 quo
720 1582 903 1668 symphonia
937 1582 989 1661 at,
1016 1580 1071 1650 διὰ
1096 1588 1211 1649 πασῶν
1248 1586 1397 1651 oascnur.

169 1669 301 1751 lilErgo
322 1665 430 1731 mundi
451 1667 562 1745 anima,
585 1688 664 1753 quae
686 1667 724 1733 ad
749 1677 868 1733 motum
891 1671 950 1743 hoc
973 1672 1055 1756 quod
1079 1672 1218 1737 videmus
1240 1672 1395 1737 universi-

217 1754 289 1818 tatis
310 1772 422 1836 corpus
444 1752 579 1838 inpediit,
612 1761 755 1819 contexta
770 1756 913 1821 numeris
932 1757 1081 1837 musicam
1101 1758 1139 1821 de
1161 1779 1194 1821 se
1217 1758 1396 1821 creantibus

217 1838 441 1904 concinentiam
464 1858 587 1903 necesse
608 1846 711 1903 estut
731 1860 825 1905 sonos
848 1843 982 1907 musicos
1002 1844 1040 1908 de
1061 1852 1163 1918 motu,
1244 1863 1292 1907 em
1320 1864 1396 1928 pro-

218 1925 286 2011 prio
307 1923 432 2022 inpulsu
455 1931 605 2009 praestat,
635 1923 763 2003 efficiat,
796 1946 929 2011 quorum
953 1928 1103 2013 originem
1126 1930 1157 1994 in
1185 1928 1212 1993 ia
1237 1929 1296 1993 rica
1316 1950 1396 1993 suae

166 2013 210 2078 20
219 2009 422 2077 contextionis
443 2009 569 2074 invenit.
612 2010 667 2075 Ait
687 2010 772 2075 enim
791 2012 896 2089 Plato,
917 2021 1065 2097 utsupra
1087 2014 1265 2091 retulimus,
1286 2022 1396 2079 aucto-

167 2113 307 2183 [saepem
325 2094 445 2159 animae
464 2096 556 2160 deum
575 2104 646 2181 post
666 2116 866 2161 numerorum
889 2098 970 2161 inter
990 2120 1023 2162 se
1044 2098 1196 2183 inparium
1220 2100 1396 2164 contextio·

218 2203 289 2247 nem
319 2180 473 2245 hemioliis
504 2181 635 2267 epitritis
658 2187 689 2245 et
710 2204 727 2246 e
750 2203 767 2246 o
789 2181 855 2245 dois
878 2190 910 2247 et
930 2182 1066 2247 limmate
1091 2182 1207 2247 hiantia
1230 2184 1393 2249 intervalla

166 2269 205 2333 21
219 2266 388 2354 supplesse.
430 2268 504 2331 Ideo
527 2266 702 2333 doctissime
724 2202 844 2333 infilius
866 2266 898 2331 in
921 2268 1020 2332 verhis
1039 2266 1103 2333 suis
1131 2268 1266 2332 ostendit
1285 2268 1390 2333 Plato-

219 2354 281 2418 nici
303 2351 454 2438 dogmatis
476 2353 725 2439 profunditatem.
769 2353 873 2431 Quid?
904 2354 977 2429 Hic,
1006 2356 1141 2441 inquam,
1165 2354 1230 2439 pais
1252 2364 1305 2426 est,
1333 2356 1397 2437 qui

916 2441 922 2452 .
1050 2442 1065 2487 9
1146 2440 1152 2452 .
1315 2462 1316 2465 Ἴ
1364 2439 1370 2450 .

216 2440 342 2613 ξῦἒῳᾳὶῖἱ
354 2450 728 2591 mmmmm?
738 2439 934 2611 iiihmoridhhc,²⁴8
948 2440 1393 2611 dddihmerdlhcroesihtampididdd

166 2612 335 2677 rasarone
352 2612 508 2689 distinctas,
528 2612 651 2699 inpulsa
670 2622 698 2675 et
714 2623 795 2677 mota
815 2612 951 2697 ipsoram
970 2612 1087 2677 ordiam
1108 2610 1241 2699 efficiar.
1285 2606 1391 2685 Vides,

285 2797 355 2848 Mas·
379 2796 606 2861 Bersumno]

216 2880 426 2933 animadvertere
439 2900 533 2950 possa
548 2890 587 2936 esi
604 2898 661 2934 v-a.
697 2878 819 2947 „Nescio
838 2882 924 2942 rende,
955 2880 1122 2935 elanrtaceus
1142 2898 1203 2931 oum
1223 2878 1390 2947 quibusdam

216 2951 292 3012 edd,
325 2949 378 3000 etsi
398 2952 577 3003 membraneo
597 2952 742 3018 vulgatum
762 2956 883 3001 servant.
918 2949 1002 3001 Porto
1022 2952 1090 3002 luit:
1123 2949 1323 3017 animspraesto
1342 2956 1390 3006 est,

216 3018 296 3069 arrius
315 3018 466 3083 explicatio
485 3021 576 3085 primo
595 3018 787 3085 superscripta
809 3018 910 3069 deinde
933 3018 1047 3085 glossae
1072 3020 1162 3070 locum
1191 3017 1302 3069 invasit.
1336 3014 1393 3067 Sn-

217 3102 269 3152 pra
286 3087 315 3150 l,
339 3085 470 3153 13[116.
505 3088 598 3153 quidni
617 3095 723 3154 praesto
741 3087 775 3140 sit
856 3090 995 3155 margero-‘⁶
1019 3087 1104 3138 Gron.
1131 3114 1165 3123 -·
1192 3086 1240 3137 itta
1260 3084 1390 3135 contario

216 3162 292 3220 (sup.
311 3154 374 3204 eald.
393 3086 541 3214 activo.
591 3156 787 3207 contestioilia
806 3155 854 3205 R2.
906 3155 956 3204 iila
976 3153 1163 3207 contentioS.
1198 3182 1223 3190 -
1254 3168 1390 3219 praepar

216 3229 285 3283 (orn.
303 3227 342 3281 et)
367 3221 425 3283 ria,
460 3224 563 3290 corrig.
582 3223 656 3274 Mod.
679 3222 698 3273 l.
716 3240 740 3273 c.
771 3251 804 3261 -
832 3222 931 3291 viginti
949 3229 974 3273 ct
991 3230 1088 3289 septem
1113 3220 1284 3271 BFRis-hP.
1338 3218 1393 3269 XX

216 3289 361 3409 aspirari).
404 3290 516 3343 XXVII
536 3291 633 3343 SRIO.
675 3291 776 3359 viginti
794 3298 890 3359 septem
909 3294 978 3349 (om.
998 3295 1036 3348 et)
1057 3290 1143 3356 v-gG·
1168 3317 1202 3325 —
1229 3288 1303 3338 mari
1320 3286 1389 3337 Edd.

216 3358 261 3410 P.
419 3363 457 3409 18.
497 3357 564 3413 e'rat
587 3360 765 3425 componenda
793 3358 843 3409 Rl.
894 3358 1074 3425 componenda
1097 3364 1165 3419 [om.
1185 3360 1292 3420 fuerat,
1327 3371 1388 3419 sup.

215 3445 236 3479 a.
249 3427 308 3493 snit
327 3426 433 3487 anima)
455 3426 486 3478 0.
510 3458 544 3465 —
570 3428 745 3496 praestitura
768 3427 819 3477 Rl.
845 3455 879 3463 -
909 3426 1062 3493 simphonia
1085 3431 1160 3491 (sup.
1181 3428 1239 3483 am]
1258 3424 1388 3489 diapason

215 3496 291 3546 nasci
308 3493 341 3544 B.
377 3496 509 3564 diapason
525 3498 600 3548 nasci
618 3502 686 3557 [ona.
703 3494 899 3563 symphoniam)
914 3492 947 3543 F.
964 3523 998 3531 —
1015 3494 1069 3545 iarn
1086 3487 1210 3557 dirimas]
1229 3508 1252 3541 c.
1273 3494 1297 3554 l,
1315 3490 1327 3555 p
1346 3494 1388 3539 17.

215 3590 251 3600 -
267 3562 415 3614 hemiolion
432 3562 464 3615 F.
483 3590 516 3603 -·
536 3566 643 3617 orietur
661 3568 736 3628 (sup.
756 3563 853 3622 oritur)
872 3561 904 3611 (i.
924 3590 957 3599 -
981 3570 1105 3629 quattuor
1124 3562 1177 3611 tria
1196 3566 1272 3625 (sup.
1291 3558 1339 3616 ad)
1358 3556 1388 3606 0.

253 3634 342 3677 aanor
359 3633 435 3695 (sup.
455 3648 472 3683 a
490 3649 547 3683 sco.
567 3649 602 3682 nr.
622 3631 660 3681 ad
675 3632 743 3690 tria)
764 3628 813 3681 Rt.
838 3658 872 3668 -
903 3630 1071 3681 diatesseron
1091 3628 1127 3689 (B
1147 3644 1160 3679 e
1179 3642 1249 3677 «tarr.
1269 3626 1296 3677 in
1317 3624 1388 3684 aar

244 3693 351 3745 reolo.
369 3723 404 3733 -
426 3709 552 3752 censetor
569 3697 690 3749 BCFRl.
705 3726 736 3736 —·
763 3698 881 3749 nascitur
898 3696 939 3749 dia
959 3698 1004 3747 dia
1021 3713 1105 3763 pasca
1124 3694 1153 3747 G.
1189 3694 1238 3746 his
1257 3696 1387 3761 diapason

215 3780 288 3815 aare·
310 3760 385 3812 ΡΜ·
539 3771 581 3819 19.
623 3766 800 3818 admodum
824 3764 854 3816 P.
880 3792 914 3803 -
941 3766 1142 3817 continentiam
1165 3763 1234 3814 Grl.
1263 3790 1296 3799 -
1325 3776 1389 3813 sarae

216 3831 281 3884 add.
297 3844 315 3883 a
330 3846 386 3881 aaa.
404 3847 441 3882 ra.
461 3830 495 3882 B.
645 3837 689 3884 10.
724 3834 816 3900 sama]
834 3833 847 3898 ξ
865 3834 906 3883 15.
923 3862 959 3871 -
977 3834 1054 3884 decan
1074 3834 1179 3883 animae
1196 3828 1251 3881 ria.
1270 3830 1389 3880 -inter

215 3915 244 3953 aa
260 3900 325 3953 aad.
345 3916 362 3953 a
380 3914 438 3951 aec.
454 3915 490 3951 m.
506 3899 557 3950 Rl.
575 3925 608 3936 -
632 3900 764 3967 parium
782 3909 813 3952 et
829 3902 972 3969 imparium
989 3898 1020 3951 F.
1041 3928 1076 3937 —
1096 3901 1129 3951 in
1149 3898 1263 3967 epitritis
1280 3897 1387 3957 [deleto

215 3970 258 4028 in)
276 3968 310 4020 G.
461 3970 504 4019 21.
540 3966 665 4019 extendit
683 3974 759 4035 [sn-p.
777 3974 819 4029 os)
838 3968 867 4018 6.
891 3996 926 4007 -
950 3968 1163 4036 profonditatem
1181 3966 1320 4018 dramatis
1337 3964 1387 4015 ill.

214 4062 249 4075 -
279 4035 497 4102 QniairicEdd.
551 4035 621 4101 Qnia
637 4044 686 4087 ast
702 4036 745 4087 hie
761 4042 835 4102 (sap.
858 4037 943 4102 Quid)
959 4036 987 4088 S.
1035 4037 1106 4101 Quid
1123 4040 1192 4097 (ona.
1211 4034 1276 4090 Hic)
1297 4032 1328 4083 Ι).
1354 4060 1386 4072 -

215 4103 369 4157 distinctas
388 4104 422 4155 B.
475 4104 642 4157 coniunctas
669 4102 700 4153 F.
729 4130 764 4143 ·-
792 4106 924 4171 partiam
948 4104 1005 4165 (RQ
1027 4118 1044 4157 a
1066 4120 1120 4155 see.
1144 4106 1196 4162 m.)
1219 4095 1385 4153 IO'I'ana.

213 4178 313 4242 partes
329 4173 363 4225 1).
387 4199 423 4215 -
447 4174 569 4226 satiaris
587 4172 610 4223 B
626 4171 664 4234 (0
681 4186 698 4224 n
714 4188 770 4225 aee.
790 4177 841 4232 m.)
857 4170 888 4223 F.
911 4201 945 4211 -
967 4172 1099 4225 distinctis
1118 4176 1192 4237 (sap.
1211 4170 1253 4221 ael
1270 4173 1317 4228 ta)
1336 4166 1386 4219 R2.

213 4336 308 4389 minna
325 4356 410 4405 qnam
426 4342 537 4395 alternis
553 4340 668 4394 anilitas
680 4339 775 4393 dicere
860 4342 903 4391 1a
937 4356 969 4391 aa
987 4340 1028 4391 hia
1044 4339 1160 4391 uniaris
1176 4335 1242 4405 awa}
1267 4334 1311 4388 (ll.
1329 4336 1344 4403 i
1363 4340 1386 4388 l·

214 4408 515 4531 tantillitati*
550 4410 688 4477 ‘mlh
707 4422 775 4474 '¹¹⁹'
858 4439 902 4487 2⁰·
937 4438 1068 4505 tramae}
1091 4438 1151 4491 vn.
1175 4442 1231 4492 uos
1259 4436 1295 4492 a
1318 4454 1341 4492 ο·
1361 4440 1386 4505 1,

251 4548 319 4595 qaae
335 4548 361 4593 aa
374 4554 427 4605 par
440 4547 465 4591 et
475 4540 563 4608 inpar
578 4542 630 4607 cat]
647 4539 689 4593 Gi.
706 4539 774 4604 §12-
826 4503 843 4570 i
858 4506 901 4557 2³⁸
992 4598 996 4602 .
