2950 4992
234 133 706 209 contumeliatus.
749 135 825 201 LIB.
845 137 884 200 ll.
907 136 1018 244 'CAR
1040 138 1076 202 V.
1099 138 1150 203 VL
1217 138 1277 219 163

103 324 169 381 tem
190 319 275 377 totus
297 310 363 395 ipse
385 307 519 372 ambitus
540 304 709 370 stadiorum
733 304 865 369 ducenta
888 306 963 391 quin
1009 308 1111 392 aginta
1136 308 1198 374 duo
1220 310 1277 373 rni-

106 402 160 465 lia:
200 418 274 481 ergo
294 394 431 479 singulae
453 392 661 476 sexagesimae
682 390 893 455 extenduntur
915 399 960 455 sta
984 392 1020 456 iis
1041 395 1198 479 quaternis
1220 396 1276 459 mi-

106 487 187 551 libus
215 481 353 548 ducenis:
393 487 424 545 et
452 480 518 543 sine
541 476 636 541 dubio
663 476 811 540 medietas
836 476 919 553 eius,
958 498 1038 561 quae
1059 487 1107 543 est
1126 501 1144 543 a
1166 481 1197 545 D
1220 502 1276 566 per

104 573 271 645 orientem,
291 566 321 631 id
342 573 390 630 est
413 585 468 649 per
485 564 652 647 A‚-usqua
672 561 710 626 ad
731 562 767 637 0,
790 561 884 626 habet
904 562 1030 646 triginta
1051 566 1325 652 sexagesimaspte]

106 666 138 722 et
159 655 327 721 stadiorum
349 651 434 715 milia
454 656 576 713 centurn
598 647 706 731 viginti
729 667 799 712 sex:
843 656 952 733 quarta
979 668 1053 713 vero
1075 670 1159 734 pars,
1196 658 1274 736 qu'ae

105 751 152 807 est
174 742 211 806 ab
230 741 258 804 Α
278 758 379 823 usque
400 734 439 800 ad
462 735 497 810 C,
519 731 668 817 incipiens
690 754 707 797 a
728 732 830 797 medio
856 734 1014 818 perustae,
1036 734 1129 798 habet
1150 756 1274 819 sexage-

105 830 198 894 simas
227 823 403 912 quindecim
433 828 465 884 et
494 819 663 884 stadiorum
694 819 779 883 milia
807 819 965 903 sexaginta
996 820 1120 884 et'tria.
1173 822 1274 886 Huius

105 921 231 999 quartae
254 909 350 995 partis
375 926 520 971 mensura
539 904 634 969 relata
658 904 810 969 constabit
836 905 931 969 totius
958 904 1093 970 ambitus
1118 905 1207 991 plena
1230 906 1274 971 di·

105 1020 253 1064 mensio·
285 994 335 1059 Ab
353 993 381 1077 Α
401 991 496 1076 igitur
517 1010 617 1075 usqua
639 989 676 1054 ad
700 991 744 1067 N,
781 990 863 1075 quod
883 997 932 1055 est
953 990 1101 1056 medietas
1123 994 1304 1077 perusinae

105 1084 198 1149 habet
218 1076 423 1163 sexagesimae
431 1084 608 1162 quattuor,
635 1095 714 1173 quae
735 1075 852 1139 iaciunt
872 1076 1040 1142 stadiorum
1062 1077 1146 1141 milia
1168 1079 1275 1155 sexde-

104 1172 163 1235 cim
186 1188 254 1231 oum
279 1164 525 1248 octingentorum
547 1160 734 1226 adiectione:
762 1180 835 1243 ergo
857 1162 958 1225 omnis
980 1171 1104 1245 perusta
1124 1168 1276 1249 sexagesi-

105 1274 224 1320 marum
243 1259 313 1316 octo
332 1258 388 1326 est,
407 1257 439 1313 ct
460 1255 546 1313 tenet
565 1245 734 1311 stadiorum
755 1246 837 1309 milia
856 1246 982 1331 triginta
1001 1248 1059 1311 tria
1081 1256 1113 1329 ct
1131 1258 1274 1315 sexcenta

105 1341 240 1425 insuper.
296 1334 441 1399 Latitudo
469 1341 574 1399 autem
603 1331 715 1417 cinguli
740 1331 836 1396 nostri
859 1332 912 1417 qui
939 1339 1129 1417 temperatus
1148 1342 1209 1410 est,
1243 1334 1303 1400 ide

104 1433 152 1489 est
173 1424 245 1490 aN
259 1442 359 1507 usque
385 1420 422 1485 ad
445 1420 487 1496 I,
513 1419 607 1483 habet
635 1418 839 1502 sexagesimos
871 1416 1023 1503 quinque,
1059 1438 1137 1503 quae
1160 1419 1277 1484 iaciunt

104 1509 273 1575 stadiorum
296 1506 379 1572 milia
404 1505 511 1590 viginti
531 1523 646 1569 unum:
685 1511 717 1567 et
740 1502 871 1589 spatium
898 1502 1042 1587 trigidae,
1077 1504 1116 1568 ab
1139 1505 1163 1567 I
1175 1525 1275 1590 usque

104 1596 141 1661 ad
164 1596 194 1672 C,
214 1594 307 1658 habet
329 1592 533 1677 sexagesimas
554 1610 617 1665 sex,
635 1608 715 1675 quae
736 1588 1032 1659 tenentstadiorum
1055 1589 1162 1675 viginti
1185 1591 1274 1675 quin·

104 1702 165 1768 que
188 1680 272 1745 milia
294 1678 434 1743 ducenta.
489 1678 539 1744 Ex
561 1675 618 1739 hac
639 1681 749 1760 quarta
772 1682 857 1760 parte
880 1674 963 1738 orbis
985 1682 1153 1752 terrarum,
1187 1676 1304 1741 cuiusd

104 1787 280 1832 mansuram
303 1764 463 1829 evidenter
483 1760 708 1846 expressimus,
743 1760 873 1824 alterius.
891 1769 1019 1845 quartae
1042 1762 1145 1845 partis'
1159 1762 1275 1847 magni·

104 1851 260 1927 tudinem,
288 1850 327 1913 ab
348 1850 376 1913 Α
397 1868 497 1933 usque
519 1845 557 1910 ad
579 1846 625 1924 D,
658 1845 723 1930 pari
746 1845 972 1910 dimensionum
1002 1846 1198 1912 distinetione
1224 1868 1274 1911 co-

104 1956 241 2023 gnosces.
285 1935 363 2000 Cum
384 1954 458 2018 ergo
481 1939 630 2017 quantum
649 1938 753 1995 terrem
774 1930 922 2016 sphaerae
943 1931 1119 2017 superficies
1139 1952 1219 2019 quae
1236 1932 1274 1997 ad

105 2044 161 2087 nos
184 2030 231 2086 est
257 2020 288 2084 in
310 2019 473 2084 omni·sua
496 2017 659 2082 medietate
681 2015 876 2101 cognoveris,
916 2015 954 2080 de
977 2036 1120 2083 mensura
1148 2038 1274 2105 quoque

105 2107 257 2172 interioris
279 2104 465 2179 medietatis,
486 2103 517 2168 id
539 2111 586 2167 est
609 2123 627 2167 a
649 2106 682 2166 Ι)
702 2122 757 2186 per
779 2102 925 2199 Busque
947 2102 984 2166 ad
1009 2103 1043 2181 C,
1065 2103 1206 2169 similiter
1228 2104 1273 2168 in·

104 2193 240 2258 strueris.
283 2191 378 2257 Modo
400 2190 498 2267 enirn,
526 2189 598 2274 quia
621 2188 727 2253 orbern
747 2194 847 2252 terrae
873 2208 905 2250 m
926 2187 1020 2271 plano
1041 2189 1211 2273 gemuimus,
1241 2188 1302 2253 inl

103 2274 317 2366 plano'autem
341 2276 476 2342 medium
499 2274 672 2361 exprimere
691 2295 754 2339 non
775 2292 940 2360 possumus
961 2272 1151 2359 sphaeralem
1172 2281 1274 2339 turno-

898 2462 983 2523 [Edd.
1003 2462 1206 2531 vicelrgspdalr.

206 2557 231 2603 3.
266 2554 325 2620 ipse
345 2558 415 2602 totus
443 2548 474 2599 F.
502 2576 533 2588 -
565 2547 641 2599 milia
664 2547 717 2598 duo
743 2544 773 2597 (l.
800 2572 836 2585 -·
867 2546 1037 2596 ducentenis
1058 2547 1104 2599 BS
1128 2548 1183 2609 (Rl
1208 2565 1224 2600 a
1247 2568 1274 2617 p.

104 2620 265 2680 m.)LBrcn.
312 2615 511 2668 ducentisFa
530 2631 584 2665 aec.
604 2631 657 2673 m.,
681 2612 735 2663 Τιι.
764 2642 796 2651 -
825 2614 881 2664 eius
900 2614 956 2679 qui
975 2621 1012 2664 eat
1030 2612 1052 2663 G
1069 2630 1086 2666 a
1104 2632 1158 2667 sec.
1178 2634 1213 2668 nr.
1244 2644 1272 2655 -

103 2690 182 2740 halet
277 2692 316 2745 (c.
343 2689 389 2748 1²,
412 2684 425 2747 l
453 2688 494 2742 9.)
524 2683 649 2747 assignat
670 2682 783 2731 animali
808 2696 861 2731 orn.
891 2680 912 2730 l.
940 2707 974 2719 ·-
1003 2697 1169 2751 sexagenas
1198 2692 1273 2750 (sup.

102 2756 235 2824 gerimus)
261 2753 291 2806 G.
318 2778 351 2789 -
366 2766 448 2817 ,quae
468 2752 501 2800 at
528 2766 545 2799 a
567 2755 635 2809 (cern.
657 2754 709 2807 est)
735 2749 766 2799 Ρ.
796 2776 831 2786 -
857 2749 984 2814 incipiens
1007 2766 1024 2799 a
1044 2759 1157 2817 perusta
1185 2768 1211 2807 v.
1244 2780 1271 2791 ·-

101 2823 211 2891 partis
239 2827 351 2886 quartae
377 2818 464 2885 partis
498 2817 549 2867 lli.
587 2843 621 2853 -
658 2818 745 2867 relata
772 2817 814 2867 ari
842 2818 933 2867 aliae
958 2825 1073 2883 parter
1102 2820 1180 2871 RIO.
1232 2822 1274 2872 ad

104 2892 194 2941 alias
215 2878 440 2953 selata'partee
465 2884 537 2935 Bere.
588 2884 676 2935 relata
703 2891 779 2951 (sup.
808 2886 825 2935 i.
849 2900 870 2935 e.
894 2892 997 2935 ostenta
1023 2893 1051 2937 et
1074 2886 1102 2937 in
1125 2904 1182 2955 mg.
1209 2890 1226 2940 i.
1251 2906 1272 2940 e.

104 2959 142 3009 ad
166 2958 236 3007 aliae
258 2959 363 3021 partes)
387 2952 420 3003 L.
472 2954 560 3003 relata
582 2957 659 3018 (sup.
685 2953 747 3003 edd.
772 2953 812 3003 ad
835 2953 984 3018 aliquod)
1009 2952 1079 3005 Bere.
1247 2963 1273 3009 4.

107 3026 218 3076 litiani
242 3024 276 3073 at
295 3040 313 3072 a
330 3024 416 3090 igitur
439 3019 605 3072 uranum.
636 3046 666 3056 -
695 3021 833 3086 usquead
857 3020 883 3070 N
906 3020 1273 3077 Mianooureumunm.

103 3092 160 3142 Tre.
178 3091 288 3156 „Mee.“
305 3090 392 3141 Gron.
427 3106 510 3155 aeque
529 3090 567 3139 ad
583 3104 601 3154 p
622 3102 677 3138 ι-ι.
714 3087 887 3150 ‚maccusius
905 3104 1006 3139 novum
1026 3090 1140 3141 schema
1158 3090 1206 3141 lric
1223 3088 1275 3159 etp-³

103 3161 209 3227 pinxit,
232 3159 259 3209 ia
279 3176 332 3223 qno
351 3159 374 3209 P
390 3156 501 3208 literam
521 3155 615 3222 poenit
630 3156 692 3206 loco
709 3156 760 3207 τοῦ
780 3156 818 3216 N,
844 3162 871 3206 et
894 3156 996 3207 Oloco
1011 3157 1062 3208 τοῦ
1083 3160 1108 3223 1,
1131 3176 1212 3225 quem
1231 3167 1273 3212 ta-

102 3244 166 3279 men
186 3244 268 3277 namo
286 3233 415 3289 secutus,
438 3233 469 3276 ot
485 3224 597 3290 opinor,
624 3223 690 3289 qnia
707 3224 736 3274 in
756 3222 870 3291 scriptia
885 3238 938 3273 non
957 3226 1165 3290 reperiebant-‘⁶
1188 3228 1274 3281 Gran.

101 3296 170 3346 coll.
189 3296 201 3360 ᾗ
219 3300 241 3345 l.
260 3295 423 3345 redeundum
439 3293 488 3345 titi
505 3301 544 3344 eet
560 3300 612 3343 etc.
638 3316 670 3329 -
693 3293 892 3359 octogintorum
910 3292 957 3341 tet.
977 3320 1010 3331 --
1032 3296 1177 3361 partiam
1196 3312 1274 3347 seeo-

101 3366 264 3433 gesimarum
286 3361 410 3412 ancus.
428 3388 462 3397 —
480 3368 518 3411 eet
535 3368 591 3411 octo
610 3360 663 3409 1t1.
681 3387 712 3397 -
732 3362 848 3429 triginta
867 3360 929 3409 duo
946 3360 976 3410 F.
996 3388 1029 3399 ·-
1046 3362 1154 3429 insuper
1173 3370 1198 3413 et
1214 3380 1273 3414 eea-

101 3430 227 3484 centaC.
263 3430 477 3497 etseraginta
494 3428 602 3494 insuper
621 3431 663 3477 vt.
816 3433 841 3477 5.
880 3427 1273 3497 LatitudoergoG.-no-

102 3501 152 3551 etri
174 3498 288 3566 cinguli
310 3498 340 3548 F,
390 3495 475 3547 nostri
497 3492 600 3563 anguli
621 3495 674 3545 Hi.
707 3524 742 3532 -
774 3496 807 3545 ab
831 3496 859 3547 N
873 3512 956 3561 usque
978 3496 1047 3547 adl
1072 3496 1274 3551 usanuome

102 3568 213 3631 „Mae.“
233 3567 318 3616 Gran.
337 3564 431 3628 „Me.·‘
479 3564 512 3612 at
527 3580 547 3629 p
566 3579 648 3628 aeque
665 3564 703 3613 ad
719 3580 734 3614 o
760 3578 820 3612 v-e·
850 3588 883 3602 -
912 3563 1026 3629 quinqua
1039 3582 1111 3682 puae
1193 3566 1274 3619 leade-

102 3636 150 3686 tic
172 3634 242 3695 (nic)
261 3631 518 3702 sexagesimaeadd.
534 3630 562 3680 in
582 3646 638 3695 mg.
656 3630 687 3680 0.
713 3658 747 3669 -
774 3646 842 3697 qaae
854 3632 1020 3695 saciant...
1058 3633 1143 3685 atetit
1160 3650 1274 3704 scaage-

102 3704 183 3753 elmae
200 3718 245 3753 see
262 3703 326 3752 add.
345 3699 372 3751 in
391 3716 449 3765 ang.
473 3699 523 3748 lit.
552 3726 584 3737 ·-
615 3699 746 3765 triginta
769 3704 854 3759 (corr.
876 3698 902 3747 in
922 3700 1034 3767 viginti)
1051 3718 1131 3753 unum
1150 3700 1183 3749 B.
1232 3706 1274 3755 oi—

101 3772 176 3837 ginti
194 3777 224 3821 et
240 3787 323 3820 unum
341 3769 388 3817 c-lr
408 3766 484 3827 (cm
504 3767 531 3816 in
552 3771 623 3831 mg.)
635 3767 692 3816 lit.
722 3794 745 3803 -
773 3774 798 3817 et
815 3767 917 3833 spacia
935 3768 969 3818 G.
992 3794 1023 3806 —
1047 3770 1079 3819 ad
1100 3770 1114 3820 1
1136 3768 1273 3822 BFSPGh

102 3837 218 3889 nome
234 3844 302 3898 (nnn
320 3838 411 3901 liquet
433 3834 460 3885 in
479 3833 584 3893 (ΠΜ).
620 3835 652 3884 at
668 3852 683 3886 c
700 3851 759 3885 v·z.
777 3862 812 3871 -
829 3835 975 3887 stadiorum
991 3844 1080 3889 tenent
1097 3837 1166 3887 Edd.
1201 3845 1274 3891 tenet

103 3906 250 3961 stadiorum
273 3906 306 3955 l).
346 3905 494 3957 stadiorum
512 3910 581 3953 tenet
600 3900 631 3952 P.
804 3906 837 3953 6.·
868 3902 909 3953 Ea
928 3902 977 3955 lrac
997 3905 1105 3973 igitur
1125 3902 1149 3954 B
1170 3904 1270 3965 (inter

102 3974 189 4042 igitar
207 3974 269 4025 eald.
288 3989 306 4023 a
323 3990 379 4023 seo.
397 3976 457 4029 m.)-
476 3998 511 4008 -
534 3978 612 4037 parte
629 3975 725 4036 quarta
742 3966 773 4018 F.
796 3995 822 4007 -
849 3971 881 4021 ab
900 3970 922 4021 L
938 3972 990 4021 Hi.
1006 3995 1039 4011 -—
1059 3972 1272 4039 aequalitem.

102 4043 153 4102 ad)
176 4040 207 4093 F.
228 4070 265 4079 -
286 4042 348 4108 pari
366 4039 559 4091 dimensionum
635 4037 757 4087 similiter
773 4036 941 4089 institueris
963 4039 1019 4099 (alc
1035 4039 1047 4103 fi
1065 4044 1081 4091 6
1100 4044 1186 4098 extr.)
1208 4040 1272 4093 add.

102 4125 193 4161 aeec.
210 4110 245 4159 ni.
261 4109 311 4159 Rl.
333 4138 370 4147 -
390 4114 470 4160 tenet
486 4104 518 4157 F.
539 4132 572 4143 -
596 4105 624 4155 in
644 4105 714 4155 omni
730 4104 872 4157 medietate
889 4122 937 4157 sua
956 4107 996 4157 tu
1017 4106 1046 4157 in
1066 4124 1122 4173 mg.
1157 4109 1228 4159 omni
1245 4110 1273 4162 ia

102 4194 151 4231 aaa
169 4178 310 4231 medietate
327 4194 381 4229 e·a.
396 4175 475 4227 -id
494 4182 532 4227 est
549 4190 604 4225 orn·
623 4172 656 4223 Β.
674 4199 707 4209 -
724 4172 896 4227 institueris
914 4172 935 4225 C
951 4176 1005 4235 (Rl
1025 4174 1053 4227 in
1074 4180 1154 4243 mg).

139 4378 185 4439 vl,
205 4384 230 4431 8.
264 4383 378 4434 ducenta
394 4379 593 4448 quinquaginta
611 4378 663 4429 dua
713 4344 796 4477 {ph}
811 4343 976 4463 ὅὲξπεοιίη.
1004 4347 1051 4411 13,
1078 4350 1103 4398 2,
1143 4346 1280 4401 Mamm

103 4445 251 4583 213:qu
264 4450 417 4578 (lidwdaide
419 4456 459 4570 uqi
471 4452 662 4572 gppppeffi
714 4482 792 4612 ndei,
811 4481 942 4613 {dodum
964 4480 1102 4551 medietas]
1131 4480 1191 4535 vid.
1218 4487 1274 4536 not.
