2950 4992
523 199 526 205 ’
597 191 734 273 CAPUT
754 202 807 272 lv.
1277 231 1308 274 or

1 363 9 446 ‚¹
78 374 141 427 lib.
157 375 218 430 vn.
235 391 295 446 cap.
313 379 339 428 Β.
357 374 477 445 logicum
512 375 588 428 Unde
607 381 633 430 et
653 375 816 429 Socraticam
835 375 904 428 illari
920 377 949 430 in
969 375 1242 430 saturnaliorum
1264 378 1306 432 ll·

79 461 146 513 bro
158 453 211 526 (ii,
228 465 254 530 8,
272 461 327 527 16.)
343 462 486 514 laudatur.-
505 462 606 514 Moltoa
623 461 740 514 beminen
754 467 895 530 propterca
911 462 979 514 aelle
996 464 1097 526 eicere,
1114 470 1145 516 at
1159 463 1265 518 cdcrm
1281 470 1307 518 rt

0 542 2 557 ”
79 546 220 602 biberentu
244 565 271 600 ac
293 549 378 600 bibere
396 555 477 615 atquc
494 561 563 608 erre,
578 553 609 599 ot
625 547 741 609 vianet,
759 551 789 598 ct
804 561 866 613 cap.
888 549 945 598 lo:
970 548 1004 601 lit
1020 548 1088 600 eninr
1103 549 1132 600 in
1147 547 1232 602 libro
1249 551 1306 602 Sa·

76 632 314 684 turnoliorunr
332 639 357 685 ct
375 633 403 684 in
420 630 539 700 epistolio
558 631 673 682 Senecae
689 632 726 684 od
746 631 880 684 Buciliano
897 631 1010 701 legitur,
1035 649 1098 700 aper
1115 635 1307 700 quodammado

75 707 189 767 imitari
204 718 326 770 debentur
345 723 399 770 oet.
419 718 468 784 (ei.
485 715 542 768 Sal.
562 714 584 767 1.
602 715 721 782 praeli
744 717 800 779 ως
827 719 856 768 et
874 731 934 783 cap.
952 717 1010 767 ἥς
1038 714 1088 768 liat
1104 724 1203 779 uuum,
1232 721 1307 772 utin

1 796 3 824 l
75 799 172 852 lib'ro
193 801 469 855 Saturnaliorurn
487 800 558 867 (Vll,
575 801 600 862 d,
619 800 658 865 2.)
677 801 842 855 Eortacbiur
858 803 947 866 docet,
966 801 1085 853 loedoria
1104 806 1158 853 cet.
1191 803 1308 857 Videtur

74 889 179 936 nutem
205 885 325 939 Ioanne·
350 887 488 956 integrior
511 901 593 952 qnam
619 899 669 936 uoa
696 885 832 938 babolene
859 885 1013 953 exemplar.
1054 884 1140 938 Certe
1160 885 1210 938 lib.
1232 887 1306 940 vm.

75 979 147 1035 cap.
169 973 211 1020 15.
236 973 311 1036 apud
334 986 397 1024 eum
422 973 552 1040 leguntur
576 968 663 1022 haec:
697 968 841 1041 Fbgicnda
865 977 941 1037 matt,
971 970 1084 1038 inquit
1106 971 1307 1041 Maeroliuo,

73 1055 205 1106 amnibue
216 1056 310 1120 modio,
327 1062 353 1110 et
368 1057 546 1110 obrcindenda
560 1055 621 1125 igni
635 1061 660 1108 et
672 1057 748 1120 serra
763 1063 867 1124 totoque
883 1055 996 1123 artificio
1013 1057 1176 1124 reparanda,
1189 1058 1309 1126 languor

75 1155 97 1190 a
122 1152 245 1206 corpore,
270 1140 402 1210 imperitia
421 1141 454 1195 ab
472 1144 575 1206 animo,
600 1141 709 1193 luceria
726 1157 745 1192 a
762 1147 867 1206 centra,
894 1155 913 1191 a
932 1131 1039 1192 ciuitate
1056 1141 1164 1204 ecditio,
1194 1159 1212 1195 o
1229 1145 1306 1197 doma

74 1223 233 1290 discordia,
259 1233 284 1278 et
301 1228 329 1278 in
347 1235 479 1278 commune
496 1244 513 1280 a
530 1227 630 1279 coactio
650 1223 727 1278 redae
749 1225 967 1293 intemperantia,
995 1239 1067 1290 quaa
1090 1226 1198 1280 iruatra
1216 1245 1306 1295 quae·

75 1309 187 1361 riveria
211 1311 286 1377 apud
309 1312 490 1365 Macrobiuru.
526 1312 669 1365 Pontanur
690 1325 746 1361 non
770 1310 831 1362 niue
853 1309 950 1375 aliqua
970 1309 1031 1360 veri
1055 1311 1149 1377 apecic
1168 1312 1240 1365 baec
1261 1315 1305 1366 lo-

74 1411 245 1448 eumenum
264 1396 514 1450 babu‘iaaeoenaet
535 1401 600 1465 port
620 1395 689 1449 libri
710 1393 749 1448 Π.
770 1396 857 1461 eaput
879 1394 1011 1446 ultimum
1032 1393 1090 1459 (cui
1107 1393 1160 1448 illa
1177 1397 1239 1464 ipae
1256 1415 1306 1451 au·

73 1482 178 1534 nexuit
197 1482 264 1534 libri
281 1479 331 1532 111.
353 1485 438 1549 caput
458 1485 519 1549 la).
553 1483 631 1534 idem
649 1479 678 1533 in
696 1478 875 1531 adnotatione
892 1480 928 1531 ad
946 1483 1103 1532 extremum
1119 1479 1224 1533 librum
1243 1499 1306 1535 oex-

74 1571 140 1618 tum
157 1566 258 1620 ataluit
276 1568 304 1620 in
320 1565 487 1621 Polieratici
509 1567 577 1620 libri
592 1567 615 1620 l.
636 1560 788 1636 pontremia
803 1561 912 1617 duobua
931 1563 1071 1631 capitibus
1092 1569 1121 1617 et
1140 1565 1305 1632 quibuadam

74 1651 165 1704 etiarn
192 1651 261 1703 libri
281 1652 317 1704 11.
341 1653 479 1721 reliquias
505 1658 616 1703 exstare
640 1646 839 1717 diopututiouin
863 1648 899 1700 da
921 1647 983 1701 iuro
1006 1651 1139 1718 augurali
1156 1669 1238 1720 quam
1259 1670 1305 1707 ae·

74 1736 171 1788 cundo
187 1735 417 1790 Saturnalioruuo
436 1737 481 1788 die
506 1737 583 1801 (eale
603 1752 636 1789 ea
653 1751 726 1804 quae
743 1749 816 1784 uuuc
834 1733 969 1802 leguntur
986 1735 1070 1787 tertio
1086 1735 1172 1802 libro)
1192 1735 1305 1791 Floria·

74 1839 148 1874 num
167 1821 321 1873 habentem
341 1823 449 1874 iecerat
470 1819 649 1887 Macrobioe,
678 1821 822 1874 Poutauoa
843 1826 938 1872 autom
962 1820 1046 1874 tortio
1063 1821 1110 1874 die
1131 1821 1259 1876 habitam
1275 1829 1305 1876 et

76 1913 183 1960 notaio
210 1906 437 1959 saturnaliorum
468 1905 541 1958 libro
569 1921 641 1958 runa
672 1904 818 1971 deperdito
846 1908 988 1973 prolatam
1015 1907 1106 1960 laicae
1132 1907 1303 1976 turpicatur.

73 1993 235 2046 Praeterea
252 1989 400 2042 Fabriciur
416 1991 444 2042 in
460 1990 638 2046 Bibliotheca
651 1984 752 2045 balina
769 1991 788 2042 l.
806 2006 830 2041 a.
844 2009 870 2059 p.
890 1995 950 2044 lou
966 1991 1072 2046 adnot:
1100 1990 1180 2059 „lior
1200 1993 1302 2057 libror,

73 2077 184 2145 inquil,
217 2075 439 2129 Saturnaliorum
466 2072 604 2130 Macrobii
632 2075 779 2146 intellige,
810 2075 921 2144 quando
945 2075 974 2129 in
997 2075 1098 2130 Petri
1121 2075 1302 2131 Blereuaia

74 2164 198 2232 prologo
219 2163 413 2215 commentarii
431 2164 465 2214 de
483 2161 612 2216 amicitia
629 2162 709 2215 rideo
727 2161 837 2216 laudari
854 2163 978 2215 libram
1002 2162 1158 2215 Saturnia
1174 2160 1231 2215 uiri
1248 2163 1303 2215 Va·

77 2247 146 2301 lorii
171 2247 269 2301 Flacci
297 2247 451 2300 Saturnum
474 2245 553 2298 innui
578 2245 669 2300 utalia.
704 2245 762 2299 tet
787 2247 861 2313 apud
885 2244 1011 2298 Marium
1026 2245 1200 2297 Victorinum
1224 2247 1255 2298 iu
1280 2246 1303 2298 1.

77 2333 226 2386 Rhetoric.
243 2333 390 2386 Ciceroni·
412 2346 439 2401 p.
459 2335 502 2382 86.
525 2330 594 2382 edit.
612 2329 725 2382 rithuei
745 2347 796 2397 pro
818 2331 936 2385 Saturno
953 2329 1020 2396 lege
1040 2331 1205 2380 Socratcm.“
1239 2329 1304 2382 Alia

75 2417 305 2473 Saturnaliorum
322 2418 418 2483 nullo,
446 2415 519 2482 quod
539 2413 644 2479 ocium,
670 2415 867 2467 animadveraa
887 2417 954 2466 cont
970 2411 1108 2480 vestigia,
1131 2413 1305 2478 nequedum

76 2505 155 2576 lypis
173 2506 228 2558 hoo
243 2521 314 2572 opua
332 2505 376 2554 eol
392 2499 575 2565 descriptum.

147 2591 180 2644 Β.
198 2585 318 2642 inventa
331 2589 393 2637 erte
410 2579 619 2650 typographica
637 2579 760 2646 primum
774 2583 800 2646 ⁸)
817 2578 971 2632 Vauetiie
988 2576 1303 2636 uonomccccbxxn.

77 2679 107 2743 (r
128 2678 154 2742 1)
173 2671 243 2725 editi
262 2675 327 2723 eunt
351 2661 585 2720 commentarii
609 2663 643 2714 in
664 2660 830 2718 Somnium
850 2665 1016 2734 scipionia
1038 2669 1067 2716 et
1089 2665 1302 2723 Saturnalia-

76 2779 152 2812 rum
176 2758 269 2820 libri,
301 2751 443 2820 eupreaai,
472 2755 502 2801 ut
523 2745 649 2813 ridetur,
675 2765 690 2800 e
714 2750 812 2803 codice
833 2769 888 2803 nou
911 2748 981 2803 ratio
1003 2751 1089 2804 bono:
1118 2758 1194 2806 certa
1215 2755 1301 2810 verba

79 2845 191 2896 Graeca
208 2853 314 2907 magna
336 2855 370 2889 ax
392 2841 472 2904 parta
496 2833 525 2886 in
550 2833 748 2888 beneditione
770 2835 980 2900 derideantur,
1010 2835 1089 2889 ut-iu
1107 2839 1301 2906 compluribua

80 2925 226 2980 codicibue
244 2939 327 2994 manu
345 2920 470 2996 ocriptir.
502 2915 599 2989 Magni
621 2919 674 2972 illo
693 2926 821 2989 tempere
836 2921 1011 2975 Macroblum
1033 2921 1212 2975 readmatum
1236 2938 1301 2978 aare

78 3017 111 3064 et
128 3027 145 3063 a
163 3008 261 3062 multie
281 3010 383 3060 lectum
400 3007 465 3058 iude
481 3003 580 3074 colligi
596 3009 700 3074 potent,
715 3007 789 3074 quod
809 3007 887 3060 nulla
905 3010 998 3060 aetate
1016 3007 1130 3060 uberior
1144 3006 1299 3062 editionum

76 3096 164 3149 buioa
182 3091 328 3164 scriptoria
344 3093 418 3145 ictuc
437 3091 507 3144 luit:
526 3107 615 3158 neque
631 3097 724 3145 taurea
743 3093 861 3145 multum
879 3093 1027 3144 emendata
1044 3097 1110 3145 aunt
1126 3092 1188 3145 eiua
1205 3107 1299 3160 opera,

76 3199 112 3234 ue
128 3178 157 3234 io
175 3180 212 3233 iia
231 3179 343 3248 quidem
365 3191 437 3246 qaae
457 3177 541 3230 raldo
557 3177 755 3246 praedicantur
769 3177 799 3230 ia
817 3177 925 3242 titalia,
950 3179 1028 3231 utin
1044 3177 1231 3232 Brixiauai
1248 3178 1299 3231 ill.

147 3341 174 3396 ‘t
189 3337 246 3388 dlii
265 3340 433 3404 putaverunt
455 3336 511 3387 ium
536 3336 616 3402 priua
633 3334 741 3386 editum
760 3333 849 3387 iniere
865 3335 1057 3399 macrobium,
1086 3335 1116 3388 id
1135 3339 1208 3405 quod
1225 3336 1301 3388 reri·

75 3406 172 3460 rimile
189 3417 244 3456 oen
260 3419 323 3457 eece
341 3409 437 3456 ecnaet
458 3403 540 3466 M.
558 3401 707 3455 libertae
727 3403 814 3470 (Ang.
834 3404 1028 3471 bibliograpb.
1046 3404 1169 3455 bericon
1187 3405 1244 3455 vol.
1263 3403 1299 3455 ΙΙ.

75 3489 141 3544 pag.
160 3475 224 3539 iu).
258 3474 291 3524 lu
315 3472 448 3524 editionis
467 3463 635 3538 Bipouliuae
651 3470 753 3552 ‘indice
774 3472 929 3554 editionum
948 3471 1087 3524 Macrobii
1110 3488 1137 3538 p.
1155 3486 1207 3552 vor·
1226 3470 1300 3554 legi:

75 3539 1300 3675 limitelimite'isbertili‘sibilstbb·rii⁶t{i.tii:,⁸t⁰ii

76 3678 186 3740 Gellio,
213 3683 244 3727 ut
260 3690 322 3727 cum
341 3675 370 3726 in
387 3673 506 3726 Graecia
529 3675 685 3739 laboraret,
717 3673 746 3724 in
769 3674 806 3724 iio
828 3675 1048 3742 interpretandia
1069 3681 1097 3731 et
1116 3678 1299 3730 emendendia

76 3752 203 3796 uteretur
221 3735 332 3794 Theoi.
352 3744 446 3803 Gna,
475 3751 566 3806 eoque
587 3741 622 3792 da
645 3752 676 3792 re
700 3741 852 3793 calumnii·
875 3745 1032 3812 appetitum
1054 3756 1118 3797 cere
1134 3760 1151 3798 a
1169 3745 1299 3813 pluribus

77 3812 212 3864 [iomanis
233 3813 329 3878 prodit
350 3810 378 3862 iu
399 3809 490 3878 maol.
509 3810 551 3859 ed.
569 3807 592 3858 l.
610 3808 699 3860 (lollii
715 3809 862 3862 Romanae
954 3811 1049 3863 Edicto
1068 3813 1140 3866 baec
1156 3807 1195 3866 ub‘
1210 3813 1300 3864 omni·

76 3881 128 3932 bue
145 3880 249 3932 auriota
268 3886 320 3941 eat,
340 3877 440 3944 quibua
451 3877 555 3928 Venulo
573 3879 647 3928 lete.
665 3877 712 3928 vel
731 3890 775 3931 an.
795 3881 870 3930 loeo.
889 3879 929 3955 [in
947 3879 1055 3932 Fabric.
1074 3880 1150 3933 Bibl.
1163 3879 1225 3931 leat.
1243 3879 1299 3930 rol.

75 3948 126 4002 111.
146 3964 171 4016 p.
193 3950 254 4000 idda
277 3947 367 4012 1482]
389 3945 522 4012 princepe
544 3945 650 3997 credita
665 3943 728 3996 luit.
764 3945 901 4012 Quamrlr
918 3958 984 3999 vero
1001 3949 1036 3998 de
1054 3960 1087 4000 ee
1105 3949 1162 4000 iam
1182 3949 1299 4007 coortat,

77 4029 138 4068 cara
163 4021 256 4067 tannen
280 4015 355 4069 baud
375 4011 532 4078 reperimur
554 4012 628 4064 ieter
646 4013 736 4064 libror
758 4009 923 4066 aiionrudn
940 4015 1114 4066 Sucinlreiur
1131 4021 1160 4063 et
1176 4011 1299 4062 draoldo

76 4077 203 4136 Panum
230 4072 384 4149 impressor
411 4081 441 4131 iu
471 4079 592 4146 epistota
621 4075 744 4148 rupplici
769 4082 809 4133 ad*
827 4081 996 4134 Pontificem
1015 4092 1160 4150 *nummum
1184 4077 1212 4127 d·
1239 4075 1298 4131 XX.

76 4147 160 4203 biart.
179 4161 224 4204 an.
244 4153 318 4202 1472.
338 4151 417 4212 date,
447 4161 519 4214 quoe
540 4148 647 4217 legitur
669 4144 704 4202 ed
726 4151 832 4201 calcem
852 4145 887 4200 Τ.
905 4144 956 4200 111.
981 4146 1056 4200 Bibt.
1074 4143 1135 4198 bot.
1153 4133 1299 4197 Fabricio-

76 4219 256 4282 llrnootlnae,
285 4219 317 4270 in
342 4225 397 4285 qua
424 4221 519 4268 tamen
545 4223 737 4270 memoranter
760 4217 898 4283 Apuleius
925 4222 954 4265 ct
976 4212 1097 4264 ocium.
1133 4209 1184 4262 Vel
1210 4211 1300 4283 igitur

76 4288 157 4338 nulla
174 4287 304 4352 exempla
319 4291 376 4338 turn
396 4283 486 4336 lutrae
505 4285 613 4350 reliqua
629 4285 658 4336 in
678 4285 796 4336 uideirra
811 4283 879 4344 iata,
898 4281 944 4332 eui
962 4278 1088 4346 praefuit
1104 4277 1145 4331 lo.
1164 4281 1298 4349 Andreae,

75 4357 122 4406 vel
137 4355 312 4406 Macrobium
335 4353 388 4405 elii
410 4353 592 4420 typographo
609 4353 740 4403 llomuno
755 4350 936 4401 commiemm
953 4345 1043 4397 iniere
1067 4346 1212 4402 couiieior.
1248 4351 1299 4405 Oi-

75 4423 177 4474 dcinec
201 4422 314 4490 quidem
330 4421 427 4473 Udalr.
445 4419 525 4472 Galli
543 4419 708 4486 praefuerat*
730 4417 753 4467 l.
772 4417 833 4468 dne.
852 4414 1025 4481 (lemanna,
1056 4417 1163 4471 emioua
1186 4418 1225 4471 Io.
1244 4422 1300 4472 du-

75 4491 190 4542 dreae.“
222 4512 254 4529 -
282 4490 313 4542 Α.
337 4483 459 4540 Habui
486 4487 515 4538 iu
545 4485 653 4538 Notitie
682 4483 810 4534 literaria
839 4481 874 4533 cle
900 4471 1046 4536 Macrobio
1075 4483 1178 4552 (clara.
1205 4488 1299 4553 journ.

74 4553 169 4621 xxii,
195 4575 224 4624 p.
243 4561 300 4621 52.)
318 4561 395 4608 recta
413 4554 558 4606 iudicaore
574 4551 700 4612 ridetur,
725 4550 825 4606 dictur
840 4549 978 4604 dndreem
996 4550 1086 4607 videri
1104 4574 1120 4608 o
1141 4573 1218 4608 cram
1236 4555 1300 4625 qoi-

75 4626 138 4683 dem
157 4625 314 4682 collocasse
331 4623 361 4681 in
380 4621 526 4680 Macrobia
545 4618 726 4688 emendando,
746 4619 795 4672 aed
811 4630 951 4694 nunqoam
964 4632 1035 4679 -euut
1055 4623 1187 4679 edidnre.
