2950 4992
224 176 244 237 4
699 164 922 235 CICERONIS

224 338 406 435 loqueretur,
439 338 597 423 amaroque
615 338 679 401 dm
699 358 761 402 non
786 337 867 421 [octa
886 332 981 397 solum
1004 332 1056 398 sed
1083 333 1170 397 etiam
1189 332 1269 397 dicto
1289 333 1394 397 memi-

225 434 323 486 auset.
369 421 500 497 Danda,
529 432 564 486 ut
580 422 710 487 cubitum
729 419 929 494 discessimus,
959 438 1019 492 me,
1053 427 1079 481 et
1099 417 1135 482 de
1155 418 1206 481 oia
1233 429 1260 481 et
1278 418 1333 504 qui
1351 417 1396 482 ud

225 506 347 571 multam
366 517 479 571 noctem
497 506 679 592 oiqelassan,
710 507 808 571 ortior
892 524 922 566 m
944 501 1054 567 solebat
1083 522 1204 573 somnus
1229 502 1395 587 conplexus

197 585 275 655 tea.
314 590 375 655 Hic
393 591 470 655 mibi
486 592 586 673 (creda
605 592 752 678 equidem,
774 612 812 655 eu
849 611 884 652 oc
898 586 978 675 prod
998 608 1115 651 mamus
1133 587 1240 651 locuti:
1260 587 1296 672 fit
1313 588 1395 651 enim

224 676 304 759 sere,
337 686 371 740 ut
391 696 425 740 eo
452 677 459 689 '
497 677 579 740 iones
603 697 751 739 santones
832 673 930 737 nostri
949 673 1079 757 pariant
1097 672 1142 735 ali
1157 671 1212 735 uid
1235 670 1269 734 in
1288 692 1393 735 somna

226 760 283 824 tole
306 758 392 847 quale
438 758 602 823 allomero
629 760 731 821 scribit
799 757 886 831 nius,
921 755 957 820 de
981 778 1038 844 qua
1064 692 1197 820 videlicet
1221 756 1395 841 saepissime

225 845 353 929 aiqilans
378 844 485 907 soleba
507 842 637 924 coqitore
663 850 691 902 et
715 840 810 924 loqui)
829 840 991 923 Africanus
1016 863 1048 905 se
1075 841 1199 905 ostendit
1223 862 1257 903 ea
1280 842 1399 925 sarona,

225 950 301 1013 quae
320 928 398 990 mibi
416 946 454 988 ea
473 925 602 1008 imaqine
622 924 686 986 eius
712 944 802 1008 pum
825 945 863 986 ea
883 924 898 985 i
916 944 948 986 so
975 936 1038 988 erat
1062 928 1170 991 notior.
1219 924 1313 1001 Quem
1338 925 1395 988 ubi

225 1011 347 1093 aqnooi,
371 1008 504 1092 equidem
522 1006 679 1084 cohorrui,
700 1006 752 1071 secl
772 1006 838 1071 itte:
897 1007 962 1081 des,
988 1010 1099 1095 iuquit,
1124 1010 1225 1074 aninw
1248 1020 1273 1074 et
1286 1010 1393 1073 amitte

223 1094 370 1167 timoren,
390 1090 445 1156 Sci
464 1091 510 1168 io,
533 1103 561 1155 et
580 1113 657 1177 quae
676 1092 775 1157 dicam
794 1091 878 1155 trade
898 1094 1063 1155 meneoriae.

306 1175 351 1238 ΙΙ.
399 1113 519 1240 Veiosne
539 1176 621 1240 ιΊΙιιιιι
639 1177 755 1253 urbem
781 1196 856 1260 quae
870 1196 982 1260 parcre
995 1177 1111 1261 populo
1130 1178 1267 1243 Romano
1291 1188 1393 1247 coacta

218 1280 279 1343 per
296 1281 343 1323 me
360 1271 484 1325 renovat
499 1262 633 1346 pristino
651 1261 724 1325 bella
749 1282 803 1325 nec
816 1268 913 1346 potest
935 1261 1081 1344 quiescere
1099 1264 1277 1342 (ostendebat
1295 1272 1393 1327 aidau

225 1343 433 1429 Camboqinem
452 1345 489 1410 de
508 1347 619 1410 excelso
639 1355 667 1409 et
678 1346 770 1431 pleno
790 1344 952 1417 stellarum,
983 1344 1094 1407 illustri
1115 1356 1142 1409 et
1161 1347 1241 1409 cliro
1263 1348 1393 1432 quodum

222 1428 314 1509 loeo),
349 1430 390 1493 ad
409 1452 499 1517 poam
518 1440 552 1493 tu
573 1430 807 1516 oppuqnondam
830 1448 912 1493 nunc
930 1427 1012 1490 aenis
1029 1448 1133 1573 queue
1156 1429 1261 1493 miles?
1301 1432 1394 1495 Hanc

223 1512 279 1577 boc
299 1513 418 1579 nennio
438 1515 542 1579 consu
561 1525 683 1591 evertes,
709 1516 821 1601 eritque
839 1532 997 1597 coqnomen
1017 1511 1031 1573 i
1067 1510 1123 1573 tibi
1134 1532 1194 1595 per
1214 1522 1241 1575 te
1280 1526 1391 1590 artum,

283 1597 304 1659 d
324 1599 413 1664 babes
434 1600 532 1665 adbuc
552 1623 573 1664 u
591 1600 676 1663 nobis
701 1598 922 1664 bereditarium.
972 1594 1044 1660 (bem
1064 1604 1161 1658 autem
1181 1534 1392 1677 Cartiaqinem

223 1618 379 1759 lieven
412 1683 598 1769 triumphum
623 1684 731 1770 cqeris,
767 1702 924 1767 censorque
948 1680 1057 1763 funis,
1092 1688 1119 1741 et
1144 1676 1250 1742 abieris
1277 1679 1303 1741 le
1322 1690 1391 1742 atus

222 1766 267 1827 Ac
326 1778 388 1829 tum
406 1766 531 1850 Syriam
551 1767 664 1835 Asiam,
677 1765 850 1841 Graeciam,
880 1758 1009 1848 bcleqere
1029 1762 1136 1831 iterum
1156 1760 1259 1825 corisul
1312 1784 1390 1835 sens,

192 1844 254 1910 tec
275 1870 382 1934 umque
402 1851 568 1912 marimum
589 1851 737 1934 oorfia'es,
765 1850 959 1917 Numantiam
978 1846 1124 1911 eucindcs.
1164 1844 1223 1911 Sea
1245 1866 1311 1907 cum
1331 1847 1393 1909 eris

222 1951 318 1993 minu
336 1934 370 1994 ia
392 1932 568 2016 Capitolium
588 1936 733 2009 invectus,
771 1956 787 1998 a
812 1934 897 1996 eides
920 1952 983 1994 rem
1002 1930 1154 2015 publicam
1174 1929 1304 1993 consiliis
1318 1950 1391 2014 per-

221 2014 371 2078 turbatam
388 2016 503 2099 nepotis
523 2016 590 2079 mei.
631 2015 691 2079 Hie
711 2026 753 2091 tu,
814 2018 930 2088 ricanc,
958 2015 1093 2077 ostendas
1114 2014 1256 2099 oportebit
1273 2014 1393 2097 patriae

221 2098 321 2162 lumen
340 2100 439 2162 mimi
455 2099 573 2184 inqenii
594 2098 714 2162 corcsilii
730 2122 768 2162 ue
789 2100 841 2162 tui.
892 2098 952 2163 Sed
975 2099 1039 2160 crus
1065 2098 1205 2181 temporis
1232 2098 1392 2183 ancipitem

221 2183 307 2246 oideo
326 2184 416 2270 quasi
430 2185 564 2268 satorum
583 2184 672 2247 oram.
709 2120 786 2249 ban
807 2178 883 2247 oum'
895 2191 974 2245 aetas
993 2191 1045 2243 tua
1064 2191 1195 2265 septenos
1215 2182 1302 2245 octies
1320 2183 1393 2246 solis

222 2267 385 2350 amfractus
403 2269 571 2355 reditusque
592 2269 781 2342 converterit,
814 2267 874 2329 duo
893 2287 930 2328 nee
949 2266 984 2329 bi
1001 2264 1135 2339 numeri,
1163 2286 1291 2351 quarum
1311 2279 1391 2331 uter-

222 2372 279 2437 que
290 2352 416 2437 plenus,
446 2353 521 2417 alter
540 2353 634 2417 altera
653 2352 689 2416 de
709 2374 815 2427 causa,
844 2351 864 2414 t
903 2360 981 2424 etur,
1012 2349 1141 2412 circuitu
1160 2351 1297 2413 naturali
1311 2372 1391 2415 sum-

188 2468 192 2472 ·
220 2456 301 2499 mam
321 2438 376 2501 sbi
391 2438 513 2521 sudem
534 2438 727 2522 confecerim,
755 2437 788 2499 in
808 2446 834 2499 tc
853 2455 947 2498 unum
968 2444 1054 2518 atque
1073 2433 1108 2497 in
1129 2442 1213 2497 tuum
1232 2456 1339 2499 nonecn
1360 2458 1392 2499 se

220 2530 281 2584 tota
302 2533 448 2586 concedet
468 2523 588 2586 aculus:
617 2533 644 2586 te
663 2530 795 2596 senatus,
815 2529 842 2583 tc
862 2540 960 2583 omnes
981 2518 1065 2593 boni,
1087 2527 1114 2581 te
1133 2518 1220 2594 socii,
1241 2530 1267 2583 te
1286 2520 1394 2584 Latini

220 2606 430 2671 intuebumm:
463 2618 497 2671 tu
518 2607 577 2671 eris
595 2628 693 2682 unus,
727 2607 761 2670 in
782 2626 839 2691 quo
860 2605 975 2667 nitatur
997 2602 1123 2666 nonme
1143 2602 1240 2674 solus:
1276 2626 1326 2680 ac,
1351 2626 1391 2668 ne

221 2689 327 2764 multa,
363 2690 490 2755 dictator
508 2712 572 2754 rem
586 2691 738 2776 publicam
760 2689 919 2753 constituas
938 2688 1064 2773 oportet,
1094 2687 1124 2749 si
1142 2708 1152 2749 ι

191 2769 349 2854 bquorum
382 2793 490 2835 manus
519 2774 665 2859 effuqeris.
718 2774 779 2837 Hic
814 2794 881 2837 oum
913 2771 1132 2836 eacmmaoissct
1153 2707 1389 2857 mulrilibb-

219 2855 417 2939 mussantque
434 2856 630 2921 oebemuetius
649 2859 745 2932 ceteri,
767 2858 867 2921 leviter
888 2856 1028 2919 arridens
1046 2854 1166 2940 Scipio:
1187 2854 1249 2919 'Sti
1271 2878 1389 2943 quaeso,

220 2937 333 3023 inquit,
354 2960 393 3002 ne
412 2961 459 3003 me
477 2963 493 3003 e
509 2962 611 3005 somno
629 2942 769 3017 excitetis,
791 2950 818 3004 et
838 2940 1016 3025 *parumper
1038 2939 1104 3003 eius
1127 2940 1228 3004 audite
1248 2952 1350 3006 cetera.

287 3089 356 3141 Mos.
374 3089 452 3141 BFM
470 3089 511 3151 (Τ
524 3088 590 3142 inde
606 3108 622 3144 u
639 3092 653 3158 ᾗ
671 3094 696 3143 ³.
714 3090 810 3143 verbio
820 3093 889 3157 fletu
904 3096 1034 3157 represso)
1051 3090 1185 3152 Ptelea]

220 3172 276 3252 qius
293 3190 346 3224 nau
366 3174 450 3226 colum
464 3178 544 3240 facto
564 3174 643 3255 ΒΒἎ.
677 3193 730 3227 noa
748 3175 831 3255 solam
850 3176 997 3239 cinefacta
1021 3192 1048 3228 ι’.
1070 3203 1098 3213 -·
1125 3184 1150 3227 et
1166 3176 1322 3255 defessam
1340 3176 1389 3227 uia

219 3254 287 3357 ¹ncilei
297 3242 668 3377 eagecqieqaqrczqouqqffiqli
692 3244 849 3375 gesvibpeb
859 3246 995 3373 {22⁸3an
1011 3258 1035 3359 b
1048 3326 1102 3360 aaa.
1122 3314 1174 3369 ιιι.)
1193 3242 1388 3377 biafflscabbb

219 3375 288 3440 (om.
301 3375 375 3440 fere)
399 3375 428 3425 Μ
448 3376 504 3440 (m
523 3392 540 3427 ιι
558 3396 582 3443 p.
603 3378 655 3440 ιιι.)
674 3377 707 3428 G.
734 3403 767 3414 —
794 3378 897 3443 aliquid
915 3377 944 3426 ia
965 3377 1075 3427 somnio
1098 3375 1199 3441 Fap.
1219 3392 1254 3426 ιιι.
1295 3378 1386 3427 ia'so-

219 3443 301 3493 maio
316 3444 420 3521 aliquid
438 3442 470 3493 Β.
491 3470 523 3481 -
548 3445 613 3496 illa
623 3448 716 3509 forma
732 3460 758 3493 a.
778 3469 817 3523 ''.
835 3459 891 3509 qua
910 3443 928 3493 i.
947 3470 987 3522 -,
1003 3444 1090 3495 notior
1108 3452 1165 3495 erat
1182 3442 1279 3494 navic.
1294 3470 1329 3481 —-
1352 3450 1389 3496 ut

219 3510 849 3644 agnqq'aquen-'qoqrssuqaqvb-mqneeqqinqe
866 3510 1052 3643 illibabilis
1071 3576 1138 3629 Bur.
1166 3604 1194 3613 -
1217 3591 1267 3643 per
1283 3592 1324 3627 me
1341 3592 1386 3627 ca-

219 3644 281 3689 uata
299 3639 332 3687 B.
352 3667 385 3678 -
413 3643 571 3695 Ostendebat
649 3644 716 3708 laco]
740 3644 774 3693 al.
792 3642 898 3695 Comm-
914 3643 942 3707 1,
960 3648 992 3707 4,
1009 3648 1034 3693 b.
1057 3668 1089 3681 ·-
1111 3650 1198 3695 autem
1218 3658 1273 3693 am.
1291 3643 1328 3693 Μ.
1352 3670 1386 3681 -

220 3708 250 3755 et
267 3705 366 3756 illustri
383 3722 411 3773 g·
435 3733 468 3744 -
489 3711 539 3761 tibi
554 3711 583 3760 id
600 3727 745 3778 cognomen
763 3710 842 3761 nuci.
878 3727 1022 3778 cognomen
1038 3710 1096 3761 boa
1114 3711 1161 3762 tibi
1180 3726 1203 3761 a.
1237 3710 1388 3763 nauscit

218 3770 267 3822 tibi
283 3770 315 3821 P.
332 3781 516 3838 -paratum
535 3776 612 3827 RlG.
629 3802 661 3814 -
682 3794 700 3827 a
717 3778 792 3827 nobis
809 3776 896 3828 adbuc
914 3778 1101 3829 bereditarium
1121 3777 1151 3827 F.
1187 3777 1274 3828 adbuc
1292 3777 1386 3827 boere-

217 3838 345 3888 ditacium
362 3854 380 3887 a
396 3840 471 3890 nobis
487 3840 585 3891 R2vic.
602 3868 637 3879 -
654 3844 780 3893 deleveris
797 3851 871 3895 carta
895 3845 962 3895 inem
980 3843 1012 3894 B.
1032 3870 1064 3883 ·-
1087 3844 1195 3897 GENS.
1209 3844 1298 3907 faerit
1316 3845 1386 3908 (om.

216 3906 281 4021 que)
300 3920 326 3955 a.
342 3930 375 3941 -
398 3906 604 3974 Graeciamque
619 3924 645 3957 v.
665 3936 697 3947 -
715 3910 843 3978 deligere
888 3926 929 3961 aa.
948 3938 981 3949 -
999 3913 1092 3963 absens
1109 3912 1200 3963 consul
1219 3910 1287 3962 Μίιι.
1303 3938 1339 3949 -
1356 3918 1386 3961 et

233 3973 313 4023 allum
336 3971 405 4021 Rev.
446 3973 542 4025 bellum
563 3976 634 4038 (am.
655 3976 718 4042 quc)
745 3976 778 4027 ic.
799 4004 830 4015 -
854 3979 1006 4041 conficiens
1030 3980 1067 4029 Μ.
1093 4005 1126 4016 -
1150 3978 1305 4031 caaindcns
1329 3977 1385 4043 gG.

317 4041 360 4097 2„
383 4040 544 4105 Capitolium
561 4042 621 4104 (om
641 4044 683 4107 ia)
702 4044 772 4094 icuu.
797 4070 828 4080 -
850 4047 1031 4111 perturbatam
1051 4046 1167 4097 consiliis
1190 4045 1239 4094 ΒΒ.
1262 4044 1333 4095 ΕιΙιΙ.
1352 4070 1397 4111 -Ι

215 4105 381 4174 ingeniique
396 4107 437 4155 tui
452 4108 606 4174 consiliique
622 4109 655 4158 Β.
672 4136 707 4148 —
729 4110 798 4161 Nam
814 4127 873 4161 oum
950 4113 1088 4180 effugeris]
1107 4113 1142 4162 cl.
1157 4111 1263 4162 comm.
1283 4111 1305 4171 1,
1319 4114 1345 4173 b,
1358 4114 1385 4163 2.

216 4196 250 4210 -
274 4175 423 4237 anfractus
440 4174 504 4225 salis
525 4172 558 4224 B.
582 4202 618 4215 -·-
641 4176 685 4227 la'e'
706 4176 804 4228 stiffi.
829 4204 864 4214 -
891 4179 1005 4231 nitatur
1026 4181 1102 4244 (sup.
1121 4179 1186 4231 add.
1207 4180 1250 4242 ia)
1275 4177 1327 4228 Ra.
1351 4202 1385 4216 -

216 4254 310 4290 nauus
329 4240 534 4307 propinquorum
559 4240 590 4291 Β.
743 4246 769 4294 3.
808 4243 995 4301 acclamasset
1016 4244 1117 4297 tenent.
1140 4272 1175 4284 -
1205 4246 1284 4298 ceteri
1306 4243 1385 4294 aebe-

215 4306 328 4358 mentius
345 4305 478 4359 R2viaaa.
495 4336 529 4345 -
547 4308 649 4359 leniter
665 4308 734 4358 Edd.
757 4338 779 4345 -
805 4308 850 4360 St!
868 4324 965 4375 quaeso
981 4312 1084 4379 scripsi
1101 4330 1116 4363 a
1134 4310 1304 4364 coniectura.
1339 4309 1385 4361 Cf.

215 4368 274 4421 cic.
290 4388 335 4436 ap·
353 4372 389 4422 ud
406 4373 473 4425 fam.
491 4373 563 4435 xvl,
575 4378 618 4426 24.
654 4377 680 4429 Β
702 4377 776 4427 oola
792 4384 888 4437 teneor,
907 4379 970 4443 moin
985 4396 1132 4431 accurram.
1163 4380 1218 4431 Sed
1234 4377 1276 4431 st!
1292 4377 1387 4429 literas

213 4441 275 4486 tuas
292 4443 421 4515 cecpscto.
456 4441 500 4490 Et
516 4456 613 4505 quaeso
630 4392 743 4497 81?le
763 4440 821 4503 (Bb
838 4458 856 4494 ιι
873 4449 1001 4505 seam.)
1018 4447 1096 4523 gGE.
1131 4462 1230 4512 quaeso
1246 4445 1276 4495 Μ
1292 4444 1353 4509 (Ra
1367 4460 1386 4495 a

214 4515 243 4565 p.
260 4502 311 4566 ι.)
333 4517 424 4555 reatu·
448 4529 484 4544 -
505 4522 524 4556 a
544 4524 633 4560 ιιιιιιιιι
656 4507 802 4563 Maurice.
824 4536 858 4548 -
879 4512 1023 4567 suscitatis
1044 4513 1086 4565 M.
1107 4538 1141 4551 —·
1163 4520 1309 4581 parumper
1326 4510 1385 4565 aius
