2950 4992
200 165 261 232 124
679 166 889 236 MACROBII

197 341 292 401 nante
314 333 423 399 horam
451 332 546 399 fuisse
571 333 680 400 mundi
705 338 874 416 nascentis,
907 337 1034 424 Cancro.⁴
1053 345 1192 424 gestante
1220 346 1294 405 tunc
1322 340 1377 406 tu-

197 442 279 486 nam.
321 421 397 506 Post
418 418 500 484 hunc
520 419 567 484 soi
588 441 659 485 cum
676 422 781 488 Leone
802 423 969 503 oriebatur,
991 446 1061 491 eum
1084 425 1242 490 Mercurio
1263 426 1374 510 Virgo,

197 506 290 570 Libra
311 526 381 570 cum
402 505 539 582 Venere,
578 506 664 571 biars
685 516 752 572 erat
773 511 804 572 in
826 508 969 596 Scorpio,
1010 509 1206 594 Sagittarium
1227 511 1374 596 luppiter

145 591 371 677 ehoptinebat,
405 589 437 653 in
459 589 648 675 Capricorno
671 591 822 659 Saturnus
844 596 973 661 meabat.
1024 595 1074 661 Sic
1095 594 1208 660 iactum
1232 604 1294 675 est,
1330 605 1373 662 ut

197 675 309 761 singuli
333 695 441 740 corum
464 675 621 760 signorum
647 676 763 742 domini
788 701 855 744 esse
885 680 1039 757 dieantur,
1075 680 1107 744 in
1136 680 1261 766 quibus,
1294 702 1370 746 cum

196 761 331 826 mundus
352 769 544 838 nasceretur,
571 760 665 826 fuisse
685 764 863 831 creduntur.
906 765 966 832 Sed
989 765 1109 832 duobus
1130 765 1253 851 quidem
1273 765 1371 830 lumi-

195 846 287 911 nibus
314 845 434 931 singuta
454 852 576 911 tantum
597 846 698 932 signa,
737 848 769 917 in
795 849 907 936 quibus
929 860 1003 918 tunc
1025 851 1160 928 sueram,
1192 850 1371 934 adsignavit

195 932 377 1017 antiquitas,
414 930 567 997 Cancrum
595 931 702 1012 lunae,
737 935 795 1000 soli
815 937 965 1002 Leonem:
1005 936 1142 1024 quinque
1165 957 1236 1002 vero
1264 935 1367 1002 statiis

195 1024 317 1103 praeter
337 1016 389 1081 ilia
411 1015 512 1100 signa,
539 1016 749 1116 quibustuae
772 1019 987 1101 inhaerebant,
1016 1022 1154 1108 quinque
1177 1021 1293 1106 reliqua
1317 1021 1367 1110 sic
1430 1097 1434 1103 ¹

194 1102 306 1168 adiecit
325 1108 476 1177 vetustas,
496 1110 533 1167 ut
553 1125 585 1166 111
608 1103 804 1189 adsignandis
825 1128 843 1172 a
864 1108 924 1173 fine
947 1108 1058 1194 prioris
1079 1107 1195 1173 ordinis
1217 1106 1292 1172 ordo
1314 1127 1367 1176 se,-

143 1187 317 1257 2611111111
340 1186 497 1272 inciperet
558 1187 705 1274 Superius
732 1191 814 1256 enim
838 1193 971 1259 diximus
994 1193 1026 1257 in
1048 1192 1237 1278 Capricorno
1258 1191 1366 1264 Satur-

194 1295 269 1339 num
290 1280 360 1359 post
379 1293 487 1337 omnes
510 1271 612 1338 inisse.
641 1276 738 1360 ,Ergo
761 1278 893 1342 secunda
915 1279 1044 1344 adiectio
1071 1301 1142 1344 cum
1165 1279 1299 1364 primum
1319 1276 1364 1342 ie·

193 1359 319 1445 cit„qui
337 1358 465 1423 ultimus
484 1356 598 1423 iuerat:
619 1359 689 1424 ideo
708 1362 874 1446 Aquarius,
896 1365 950 1449 qui
970 1364 1192 1451 Capricornum
1212 1363 1363 1449 sequitur,

193 1444 327 1510 Saturno
349 1443 454 1508 datur:
494 1443 576 1521 lori,
608 1445 661 1530 qui
684 1455 756 1511 ante
776 1446 944 1514 Saturnum
966 1457 1047 1527 erat,
1078 1451 1182 1515 Pisces
1203 1449 1362 1514 dicantur:

192 1530 283 1595 Aries
300 1528 409 1605 Marti,
449 1527 481 1593 ui
501 1539 707 1627 praecesserat
725 1533 844 1598 lovem:
872 1535 992 1601 Taurus
1012 1536 1141 1612 Venari,
1162 1557 1256 1622 quam
1274 1535 1358 1599 Mars

192 1615 393 1701 sequebatur:
421 1549 545 1680 demini
566 1616 738 1694 Mercurio,
759 1627 829 1702 post
846 1641 939 1705 quem
960 1623 1067 1687 Venus
1086 1622 1201 1698 iuerat,
1222 1611 1357 1706 deputati

141 1708 183 1772 21
192 1710 273 1769 sunt.
315 1698 492 1768 Notandum
515 1698 573 1765 hoc
595 1700 676 1780 ioco,
705 1703 789 1787 quod
812 1703 843 1768 in
867 1705 1007 1790 genitura
1029 1706 1203 1772 mundive!
1229 1706 1292 1793 ipsa
1307 1724 1358 1768 re-

140 1795 287 1864 tarapram
312 1785 503 1871 providentia
532 1786 579 1851 rei
607 1789 768 1853 vetustatis
802 1789 960 1876 ingenium
988 1792 1070 1858 hunc
1096 1793 1192 1858 stellis
1219 1791 1359 1857 ordinem

191 1870 290 1948 dedit,
318 1891 411 1956 quem
432 1869 522 1936 Plato
542 1871 714 1956 adsignavit
730 1873 873 1958 sphaeris
894 1899 1016 1957 aarum,
1044 1887 1079 1944 ut
1100 1887 1182 1944 esset
1203 1877 1275 1942 iuna
1296 1875 1361 1961 pri-

190 1976 256 2033 ms,
286 1956 330 2054 s'oi
352 1955 519 2054 secundus,
555 1977 648 2041 super
670 1957 754 2024 huno
775 1961 964 2041 Mercurius,
999 1965 1105 2029 Venus
1150 1971 1252 2039 uasta,
1286 1960 1360 2027 hinc

189 2042 290 2117 Mars,
310 2041 382 2106 rude
404 2044 557 2125 luppiter,
581 2049 613 2107 et
632 2041 783 2108 Saturnus
804 2047 946 2112 ultimus:
974 2048 1026 2111 sed
1049 2048 1115 2112 sine
1130 1983 1231 2113 huius
1251 2054 1360 2111 tamen

189 2123 318 2192 rationis
340 2125 510 2216 patroqinio
533 2127 655 2192 abunde
675 2129 867 2194 Platonicum
895 2131 1034 2195 ordinem
1061 2131 1147 2215 prior
1172 2130 1250 2195 ratio
1270 2152 1357 2195 oom-

138 2211 323 2280 28mendat
370 2213 419 2278 Ex
446 2211 511 2290 his,
550 2213 695 2298 quaeda
723 2213 824 2278 verbis
852 2213 1008 2279 Ciceronis
1037 2215 1177 2302 proxime
1210 2214 1355 2298 praetatis

189 2297 365 2386 quaerenda
386 2297 614 2384 proposuimus,
650 2319 710 2384 qua
730 2296 815 2362 iicuit
835 2298 998 2377 brevitate,
1032 2321 1049 2364 a
1071 2320 1191 2363 summa
1213 2294 1354 2394 sphaera,

188 2405 267 2470 quae
289 2379 434 2467 ἀπλανὴς
455 2382 579 2461 dicitur,
605 2382 763 2470 usquead
786 2383 905 2461 tunam,
939 2405 1018 2470 quae
1039 2383 1148 2451 ultima
1173 2383 1350 2448 dirutorum

137 2471 244 2550 29111,
264 2470 366 2537 omnia
387 2471 458 2548 iam,
480 2477 516 2534 ut
536 2471 654 2554 opinor,
677 2468 873 2535 absolvimus.
915 2471 993 2537 Nam
1015 2478 1046 2536 et
1066 2470 1186 2535 caelum
1207 2466 1297 2544 volvi,
1320 2473 1354 2531 et

188 2558 304 2642 cur-ita
324 2556 478 2632 volvatur,
501 2555 706 2634 ostendimus,
728 2562 908 2640 septemque
929 2554 1073 2640 sphaeras
1092 2553 1245 2620 contrario
1265 2558 1356 2616 motu

187 2643 260 2708 ferri
279 2642 356 2707 ratio
376 2641 546 2706 indubitata
565 2640 717 2725 patefecit,
737 2649 768 2706 et
786 2640 824 2705 de
846 2641 912 2792 ipso
933 2640 1128 2727 sphaerarum
1149 2638 1257 2705 ordine
1278 2635 1355 2721 quid

188 2727 301 2794 diversi
322 2726 489 2807 senserint,
512 2725 560 2793 111
583 2725 658 2813 quid
675 2726 758 2793 inter
778 2747 832 2792 eos
871 2727 1073 2794 issensionem
1094 2726 1215 2804 fecerit,
1237 2743 1355 2810 quaeve

253 2933 322 2986 mss.
340 2931 566 2996 BCFSPR12G.]

186 3044 221 3060 -
242 3019 271 3070 in
287 3019 434 3085 scorpione
452 3018 549 3070 BSRl.
572 3045 605 3058 -
631 3018 745 3072 tenebat
763 3019 813 3070 Rl.
966 3023 1008 3071 25.
1041 3025 1202 3085 praetcrea
1220 3020 1301 3088 signa
1322 3014 1352 3066 h.

186 3114 219 3124 -
238 3087 383 3152 inquibus
402 3094 465 3139 tunc
481 3087 652 3139 inhaerebant
669 3085 699 3136 C.
852 3089 895 3136 26.
935 3087 1074 3153 Superius]
1092 3087 1161 3152 524.
1186 3115 1214 3125 —
1233 3085 1352 3154 superius

186 3161 293 3206 autem
307 3154 359 3204 112.
376 3161 483 3221 —post
497 3171 585 3206 amnes
600 3163 738 3206 saturnum
756 3151 789 3202 B.
825 3159 941 3205 saturno
956 3162 1017 3220 past
1035 3171 1122 3205 omnes
1141 3154 1175 3204 G.
1194 3184 1227 3192 -
1245 3155 1289 3221 qui
1300 3154 1351 3216 fu·

185 3230 243 3274 erat
260 3222 370 3273 ultimus
386 3220 420 3272 B.
459 3223 506 3288 qui
521 3223 631 3274 ultimus
648 3229 710 3272 erat
727 3219 757 3270 C.
774 3247 809 3258 -
831 3220 915 3286 pisces
934 3221 1044 3272 dantur
1061 3220 1114 3271 ΟΡ.
1132 3247 1167 3259 -
1186 3224 1310 3288 sequitur
1328 3217 1351 3268 C

185 3305 306 3424 aaa:
324 3359 365 3408 a
384 3287 865 3422 auf·unumne.
949 3285 1352 3408 ratramtetct

185 3433 272 3488 (corr.
288 3427 317 3477 in
333 3427 479 3485 habende)
495 3424 526 3475 C.
559 3425 710 3476 habendae
725 3429 802 3490 (sup.
817 3428 848 3484 a)
867 3420 899 3475 F.
917 3451 950 3460 -
970 3424 1172 3476 commendavit
1192 3422 1247 3475 FP.

185 3499 229 3544 211.
261 3495 380 3562 proxime
397 3492 538 3561 praetatis]
558 3509 583 3543 c.
603 3491 837 3558 11,112-4.-
856 3491 978 3559 prolatis
994 3490 1016 3540 F
1019 3489 1189 3542 sarnum.
1211 3517 1245 3529 -
1267 3505 1351 3557 quae-

184 3561 268 3611 renda
284 3563 429 3628 posuimus
446 3569 521 3624 (sup
537 3561 600 3612 add.
613 3565 677 3628 pro)
695 3558 725 3609 C.
784 3576 857 3610 uaer.
873 3559 1088 3626 praeposuimus
1103 3558 1224 3626 victh.
1262 3574 1352 3624 prae-

182 3629 318 3695 posuimus
334 3632 483 3694 quaerenda
499 3628 532 3678 B.
563 3656 597 3668 -
628 3629 739 3696 aplanes
781 3627 825 3678 dd.
844 3633 873 3678 11
892 3626 959 3677 Mes.
976 3625 1112 3744 plerique.
1144 3654 1172 3664 -
1202 3626 1353 3678 divinorum
1397 3633 1401 3640 '

184 3697 280 3749 ultima
303 3695 353 3746 111.
504 3698 548 3746 29.
586 3697 656 3748 Nam
679 3697 781 3748 aucium
804 3701 881 3762 (sup.
901 3694 964 3746 add.
985 3699 1023 3754 et)
1072 3721 1135 3744 .-
1162 3701 1258 3762 septam
1281 3698 1353 3754 (am.

217 3889 261 3938 21.
300 3885 355 3936 Seri
377 3882 478 3934 duobus
502 3883 606 3950 quidem
632 3884 742 3935 tamini—
792 3884 930 3952 genium.
977 3879 1168 3934 Glossarium:
1201 3882 1351 3952 ingenium,

184 3950 741 4019 1111111.]01.8111.1,12,111121,
792 3945 908 4018 εὐφυΐα,
928 3943 1037 4017 φύσις.“
1059 3951 1147 4001 Pana.
1181 3949 1225 4001 Cf.
1246 3949 1350 4001 dedeo

185 4028 236 4085 ln,
255 4024 357 4088 fragm.
375 4019 529 4086 Censorino
547 4019 638 4072 adsar.
656 4023 683 4083 3,
701 4023 742 4070 10.
793 4017 871 4070 Socr.
894 4034 918 4070 e.
935 4022 958 4068 9.
982 4026 1012 4071 ut
1034 4034 1065 4070 cr
1085 4033 1119 4069 re
1149 4017 1237 4068 ionis
1256 4019 1351 4085 inge-

187 4094 286 4143 Domus
302 4090 365 4141 sctis
383 4096 421 4140 est
440 4088 508 4152 beo,
532 4087 613 4138 ianae
633 4089 742 4150 Cancer,
792 4087 847 4137 nio
869 4087 904 4138 sit
927 4081 1006 4138 etia'm
1031 4035 1173 4137 cultoribus
1195 4087 1250 4137 eius
1271 4086 1352 4152 inge·

187 4159 313 4210 Mercurii
334 4157 417 4224 Virgo
435 4163 461 4207 11
482 4154 599 4219 Gemini,
636 4156 744 4206 Veneris
792 4151 1351 4220 uium,etquae&notavitflitdebrsnd

186 4227 268 4277 Libra
285 4233 311 4276 11
332 4226 450 4287 Taurus,
478 4223 574 4274 Martis
591 4223 700 4289 Scorpio
717 4230 766 4277 11.
827 4223 944 4273 ordinem
963 4254 989 4271 ..
1008 4239 1081 4289 quem
1096 4221 1174 4272 Plato
1192 4221 1352 4288 adsignauit

184 4293 275 4354 Aries,
309 4292 379 4342 Iovis
404 4290 573 4357 Sagittarius
600 4297 626 4342 11
650 4288 743 4354 Piscis,
792 4286 919 4359 sphaeris]
939 4289 1225 4358 1111111111,
1246 4289 1259 4358 5
1277 4291 1302 4338 2.

187 4358 301 4408 Saturni
321 4358 496 4422 Capricornus
513 4363 538 4406 et
554 4357 697 4422 Aquarius.
825 4359 869 4420 28.
904 4372 921 4405 a
946 4372 1048 4408 summa
1073 4355 1186 4420 sphaera
1216 4392 1241 4409 ..
1267 4371 1351 4422 usque

218 4427 261 4470 21.
290 4423 332 4472 111
340 4421 636 4489 vetustatisingenium]
648 4425 743 4487 „dpu-
792 4423 829 4475 ad
846 4420 945 4485 lunam]
969 4420 1011 4472 Ci.
1029 4439 1052 4472 a.
1071 4425 1118 4486 11,
1138 4422 1151 4487 5
1169 4427 1195 4475 6.

184 4484 259 4534 icius
285 4488 320 4535 ds
347 4487 450 4537 Mundo
477 4488 642 4553 [prooem.]r
677 4490 743 4540 Sola
826 4490 869 4536 29.
916 4487 987 4538 Nam
1017 4523 1042 4540 ..
1069 4495 1202 4541 tractatus
1238 4488 1349 4557 inuenit]

183 4547 366 4613 philosophias
381 4568 474 4604 suum
490 4569 544 4606 non
558 4555 677 4622 1111111111
692 4556 743 4608 in·
792 4551 920 4622 nespicu
949 4552 986 4608 ad
1015 4554 1230 4624 dispositionem
1256 4558 1350 4622 nrm,
