2950 4992
94 92 153 162 DE
168 95 239 160 DIF
241 93 276 158 F.
292 92 347 157 ΕΤ
362 90 451 158 800.
472 87 630 158 GRAECI
641 88 777 169 Lero.
791 90 926 157 venel.
948 93 1047 161 XVII.
1062 96 1177 162 XVIII.
1207 98 1267 163 del

94 263 247 333 vocalium
269 261 351 328 salva
373 260 413 327 sit
438 258 525 326 ratio.
569 259 672 325 Tertia
695 280 770 325 vero
793 282 923 345 persone
942 263 982 331 de
1002 266 1136 333 secunda
1158 268 1192 332 fit
1220 275 1297 338 rel

93 358 190 416 tracta
217 348 327 413 ultima
350 347 453 424 litera,
480 340 539 409 ἐὰν
559 346 655 430 ποιῇς
679 340 737 410 ἐὰν
758 348 855 431 ποιῇ.·
894 357 926 413 et
947 353 1035 434 quia,
1063 362 1099 418 ut
1122 352 1266 432 diximus,

92 457 197 501 amore
227 433 437 519 productionis
462 430 639 516 Optumus
662 430 817 498 indicativi
842 432 874 497 in
896 435 931 497 Ω
954 444 1087 511 mutant,
1130 436 1266 522 λέγομεν

93 518 153 586 ἐὰν
174 516 333 603 λέγωμεν,
371 518 403 583 in
430 516 565 581 secunda
593 537 718 603 quoque
747 538 879 603 persona
899 522 933 581 Ε
957 519 990 584 in
1013 524 1052 584 H
1068 522 1267 599 transferunt,

4 650 5 657 ι
92 604 197 689 λέγετε
221 600 279 669 ἐὰν
301 602 429 687 λέγηται
456 602 545 667 tertia
569 598 628 666 ἐὰν
649 600 804 685 λέγωσιν,
827 606 899 690 quia
921 626 1014 671 omne
1034 606 1163 671 verbum
1184 610 1266 695 apud

93 694 228 759 Graecos
249 690 332 775 quod
361 688 426 753 exit
447 687 478 751 in
502 689 614 752 ΜΕΝ
629 697 729 754 mutat
754 692 868 753 ΜΕΝ
883 690 916 756 in
938 693 1030 755 ΕΙΝ
1052 700 1085 757 et
1103 713 1265 778 personam

91 778 215 844 tertiam
236 776 317 841 lacit.
359 776 479 841 Horum
502 774 619 859 passive
647 773 685 839 de
707 774 814 840 activis
836 775 879 839 ita
905 775 1093 856 formantur,
1111 786 1175 855 ·ut,
1204 778 1295 864 pri-5

91 885 161 929 mae
182 882 332 949 personae
358 860 474 927 activae
495 859 520 924 si
543 858 636 924 addas
654 862 752 925 MAI
773 861 929 946 syllabam,
950 863 1105 947 passivum
1128 863 1266 929 eiusdem

91 958 155 1015 tem
179 948 242 1014 oris
261 946 368 1023 iacies,
401 940 459 1010 ἐὰν
480 946 563 1009 ποιῶ
587 939 645 1009 ἐὰν
666 948 824 1029 ποιῶμαι,
857 943 928 1027 [ἐὰν
948 944 1192 1034 semicinciis
1213 970 1267 1014 πε-

91 1039 308 1117 ποιηιιιομαι],
352 1026 409 1095 ἐὰν
429 1025 554 1113 ποιήσω
577 1024 635 1094 ἐὰν
656 1028 851 1114 ποιήσωμαι.
894 1035 972 1097 Item
994 1036 1085 1100 activi
1106 1036 1197 1101 tertia
1220 1034 1267 1101 se·

91 1120 194 1185 cunda
214 1116 326 1203 passIvi
349 1125 411 1194 est,
451 1112 509 1181 ἐὰν
529 1115 613 1181 ποιῶ
637 1111 694 1180 ἐὰν
716 1118 794 1181 ποι”
832 1112 891 1181 ἐὰν
910 1121 1003 1204 ποιῇ,
1044 1116 1103 1184 ἐὰν
1123 1123 1266 1204 ποιῶμαι

92 1202 153 1271 ἐὰν
171 1205 266 1289 ποιῇς
300 1203 374 1268 haec
395 1202 501 1267 eadem
521 1202 612 1269 activi
633 1202 724 1267 tertie
747 1224 764 1267 a
787 1203 850 1267 dita
872 1202 931 1269 sibi
960 1207 1044 1268 ΤΑΙ
1061 1204 1176 1290 syllaba
1198 1227 1266 1291 pas·

91 1290 188 1356 sivam
210 1288 332 1358 tertiam
355 1288 441 1366 lacit,
481 1283 539 1352 ἐὰν
558 1288 635 1369 ποιῆ
667 1282 725 1351 ἐὰν
746 1290 886 1372 ποιῆται.
932 1288 1041 1355 Graeci
1063 1289 1095 1354 in
1120 1290 1295 1356 coniuncti

91 1376 157 1442 tivo
183 1375 275 1441 modo
302 1384 441 1460 tempora
470 1373 542 1439 bina
565 1373 773 1458 coniungunt:
816 1374 975 1461 proprium
998 1374 1178 1440 Latinorum
1210 1384 1266 1454 est,

90 1470 129 1527 ut
148 1462 239 1527 modo
263 1460 424 1525 indicativa
453 1480 509 1545 pro
535 1460 737 1525 coniunctivis
766 1459 859 1524 modo
885 1460 1079 1526 coniunctiva
1104 1482 1160 1547 pro
1187 1460 1266 1526 indi-

89 1546 198 1612 cativis
229 1554 354 1631 ponant
403 1544 511 1611 Cicero
544 1544 583 1609 de
614 1544 748 1629 Legibus
785 1545 892 1611 tertio:
935 1546 999 1623 (lui
1027 1548 1141 1633 poteret
1171 1549 1268 1613 socios

92 1634 181 1698 tucri.
223 1632 310 1697 Idem
335 1630 443 1697 Cicero
463 1630 494 1695 in
518 1630 619 1715 primo
641 1629 679 1694 de
698 1632 745 1697 lle
765 1631 903 1717 publica:
924 1632 1063 1698 Liberem
1081 1632 1149 1709 tibi,
1172 1633 1273 1710 Laeli,

91 1719 142 1783 uti
159 1740 226 1783 eum
245 1718 411 1795 dess‘dcror,
464 1716 565 1781 uiden
583 1738 761 1781 concessero.

465 1802 548 1866 VIII.
591 1802 639 1866 De
662 1801 799 1887 optativo
821 1799 923 1867 modo.

1177 1829 1181 1837 ·
1245 1819 1318 1888 [em]

176 1888 225 1953 De
256 1888 315 1953 hcc
348 1886 440 1952 modo
465 1886 611 1973 ¹quaestio
640 1886 757 1952 Graeca
789 1887 969 1973 praecessit,
1009 1886 1034 1951 si
1065 1888 1292 1973 praeterituml

89 1980 215 2058 tempus
242 1973 339 2058 possit
367 1972 545 2050 admittere,
585 1993 655 2038 eum
682 1980 753 2038 vota
779 1993 836 2057 pro
861 1973 954 2037 rebus
977 1979 1031 2038 ant
1052 1974 1266 2058 praesentibus

89 2055 147 2123 'aut
169 2058 280 2123 futuris
301 2059 420 2123 soleant
442 2057 581 2134 actitari,
603 2078 661 2122 nec
681 2056 712 2121 in
736 2058 838 2143 specie
861 2058 981 2145 possint
1002 2065 1155 2124 transacto
1177 2080 1266 2125 revo-

91 2143 188 2219 cari,·
209 2144 505 2229 pronuntiatumque
534 2150 582 2227 est
610 2141 810 2228 praeteritum
842 2164 967 2229 quoque
994 2150 1117 2229 tempus
1146 2146 1266 2229 optanti

88 2230 311 2307 necessarium,
352 2230 425 2317 quia
451 2249 543 2315 saepe
566 2228 597 2293 in
624 2228 801 2313 longinquis
832 2228 907 2314 quid
931 2228 1070 2293 evenerit
1094 2232 1266 2294 nescientes

89 2323 234 2401 optemus
259 2315 397 2381 evenisse
424 2314 507 2400 quod
533 2312 621 2377 nobis
644 2313 830 2377 commodet.
873 2311 936 2392 Qui
959 2312 1042 2376 enim
1065 2311 1295 2399 Olympiaca02

88 2402 209 2485 palmae
236 2400 422 2467 desiderium
448 2398 569 2473 babuit,
611 2396 693 2462 domi
722 2396 860 2461 residens
890 2396 955 2481 ipse
983 2404 1133 2462 certatum
1167 2420 1265 2483 equos

89 2506 164 2551 suos
186 2506 256 2550 cum
278 2486 437 2570 aurigante
464 2483 528 2548 tilio
550 2481 647 2561 misit,
688 2488 844 2547 transacto
870 2480 931 2545 iam
952 2479 1003 2547 die
1025 2482 1080 2568 qui
1103 2485 1263 2550 certamini

1009 2635 1095 2697 [nra.
1115 2637 1198 2703 paen.

92 2723 119 2773 4.
153 2715 203 2771 ider
224 2718 328 2787 recipe,
349 2713 399 2770 ἐὰν
420 2718 489 2786 ποίη
512 2717 607 2769 EddP
631 2723 699 2779 (om.
719 2735 729 2769 ι
747 2718 855 2770 subscr.
879 2717 965 2770 etism
986 2718 1084 2781 inire).
1224 2727 1265 2773 .o.

93 2790 127 2840 de
150 2788 255 2857 legibus
279 2786 366 2854 tertio]
392 2786 485 2852 capite
505 2786 660 2853 deperdito.

93 2855 172 2917 slat,
192 2855 238 2905 ulri
259 2854 365 2921 legitur
382 2864 412 2906 ut
431 2855 468 2906 de
486 2870 520 2907 co
539 2856 691 2907 disseras.

164 2923 268 2989 xvlll,
290 2926 316 2974 2.
350 2923 451 2975 missit
468 2921 500 2975 Ρ.

93 3016 244 3110 nuntiando
262 3057 385 3109 belsebul
401 3056 467 3109 vim.
503 3057 581 3109 IIneo
595 3061 656 3107 tnn-

47 3174 51 3181 .
93 3134 153 3178 tom
185 3126 305 3179 tironum
337 3142 423 3179 cause
451 3124 527 3177 dicte
557 3132 657 3192 puten-

94 3195 169 3247 tur.‘·‘
204 3194 246 3246 01.
260 3213 287 3253 e.
307 3195 416 3260 ¹⁸25st
437 3200 466 3245 et
481 3212 504 3245 c.
528 3194 656 3259 19,§l³.

127 3283 153 3330 5.
189 3274 249 3345 [tto
276 3278 382 3346 ποιήιια
412 3273 461 3329 ἐὰν
488 3273 654 3344 ποιήαωμαι]

92 3346 173 3399 Hnec
192 3346 271 3397 uncis
291 3346 404 3409 inclusi,
424 3346 490 3412 quin
508 3360 575 3396 vera
592 3361 656 3412 per-

92 3414 163 3467 lecti
188 3414 293 3485 pnseivi
317 3415 407 3465 forme
431 3413 538 3482 legitur
564 3430 588 3463 c.
615 3416 657 3478 15,

95 3484 110 3549 1
133 3486 165 3532 ¹2
184 3499 242 3547 ror·

129 3559 179 3617 ἒᾶα
201 3564 266 3631 ποιῆ
291 3560 340 3616 ἐὰν
367 3564 492 3631 ποιῆται]
519 3562 656 3616 Consrrlto

94 3633 180 3686 omisi
211 3631 269 3683 iota
299 3633 489 3700 subscriptum
521 3631 549 3684 in
580 3630 657 3699 ποιῆ,

95 3701 163 3771 qnia
181 3700 351 3766 ascripsere
370 3707 413 3752 est
430 3702 599 3769 neglectum.

129 3790 155 3837 6.
194 3786 290 3838 Graeci
311 3822 334 3837 ..
356 3784 532 3855 coniungunt]
554 3782 597 3835 01.
621 3783 656 3835 de

96 3854 265 4043 1³3lele
280 3853 440 3973 §Iadliaorum
458 3926 496 3973 est
520 3918 584 3987 etc]
613 3918 656 3970 01.

130 4008 137 4041 r
161 4008 207 4041 .o.
243 4024 250 4041 .

110 4073 230 4125 ·xv111.
269 4074 309 4125 Dc
340 4074 459 4125 stativo
486 4071 583 4137 morlo]
614 4068 657 4121 01.

99 4144 133 4194 de
151 4143 226 4193 verb.
246 4159 269 4192 e.
287 4143 312 4192 4.
350 4090 487 4191 Vriscien.
511 4140 529 4189 Ι.
549 4155 572 4189 c.

133 4213 155 4259 l.
191 4211 311 4277 quaestio
327 4209 431 4260 Graeco
446 4206 598 4276 praecessit]
615 4204 659 4255 01.

100 4276 118 4329 l.
136 4292 159 4327 c.
177 4276 189 4341 1
210 4280 231 4326 l.
252 4278 395 4329 communis
415 4276 523 4328 Grueeis
541 4274 660 4327 huticis-

101 4360 150 4412 que
165 4346 284 4409 quaestio
301 4353 393 4397 exortu
410 4351 457 4396 cst.

102 4478 115 4533 l
135 4411 159 4529 qi
177 4446 202 4526 1.
220 4412 313 4483 possit]
339 4412 400 4463 Vid.
417 4416 475 4464 not·
496 4409 532 4463 ed
552 4407 659 4460 Corum.

117 4517 125 4542 1
156 4516 165 4541 1
197 4512 203 4525 ⁸

135 4543 257 4610 accitare]
280 4544 401 4596 Verbum
417 4544 489 4611 qnod
507 4543 595 4597 sodex
612 4556 661 4595 ex-

688 2815 723 2826 -
752 2787 781 2839 iss
801 2788 888 2853 primo
910 2788 943 2840 de
964 2788 1004 2840 lie
1017 2787 1056 2857 μ]
1079 2804 1140 2856 cup.
1159 2793 1200 2841 13.
1223 2791 1256 2841 ed

706 3055 787 3107 hibet
803 3059 913 3108 mutare
930 3056 1023 3119 nolui,
1046 3057 1115 3111 licet
1133 3059 1208 3111 alies
1225 3061 1268 3111 le·

707 3127 792 3193 gntus
810 3140 946 3191 nusquam
965 3124 1022 3177 nisi
1044 3128 1072 3178 in
1096 3128 1268 3195 exemplari·

707 3194 758 3243 bus
776 3192 943 3259 quibusdem
962 3194 1035 3262 apud
1055 3192 1216 3247 Lucretium
1235 3197 1267 3261 V,

705 3262 781 3324 945„
808 3259 855 3311 ubi
875 3262 972 3313 oscitat
990 3260 1093 3313 dicitnr
1111 3280 1174 3315 esse
1191 3264 1266 3316 idem

706 3328 779 3394 qnod
800 3329 905 3381 incitet.
941 3328 996 3381 Sed
1016 3329 1079 3381 vide
1103 3346 1137 3382 oe
1156 3332 1267 3383 Macro·

706 3395 770 3447 blus
788 3396 935 3463 scripserit
952 3398 1071 3467 agitari.

737 3466 911 3532 praeteritum
929 3481 1030 3533 quoque
1044 3474 1146 3534 tempus
1163 3466 1269 3534 sptosrti

705 3532 893 3597 necessarium]
918 3532 960 3583 01.
975 3534 1010 3583 de
1028 3535 1105 3585 verb.
1126 3534 1145 3585 1.
1163 3552 1188 3585 c.
1207 3535 1220 3600 ᾗ
1241 3537 1266 3586 l.

707 3599 843 3650 Priscian.
863 3600 913 3651 lib.
928 3600 1003 3663 VIII,
1016 3618 1077 3669 cap.
1098 3603 1132 3653 de
1149 3607 1267 3668 tempor.

707 3668 785 3718 verb.
800 3674 829 3719 et
841 3667 890 3719 lib.
911 3668 1008 3730 stult,
1026 3686 1088 3735 csrp.
1102 3671 1137 3721 de
1149 3670 1267 3737 optatis.

741 3737 811 3801 quod
837 3735 913 3787 nobis
938 3738 1092 3803 commodet]
1120 3736 1268 3805 Singulari

707 3819 791 3855 seusu
803 3802 858 3853 boc
869 3803 984 3855 verbnm
998 3810 1159 3871 usurpetur.
1183 3803 1268 3854 Nem-

707 3887 762 3936 qne
778 3877 823 3922 est
840 3870 1050 3924 intransitivum
1069 3874 1201 3937 idemque
1217 3887 1268 3921 vn-

708 3940 748 3989 let
763 3938 836 4004 qnod
854 3940 1015 3991 commodum
1028 3941 1070 3992 sit.
1106 3938 1148 3989 Gi.
1160 3938 1266 3989 Comns.

707 4005 736 4068 I,
765 4010 809 4088 Ill,
832 4008 876 4056 25.
897 4014 976 4073 utque
995 4008 1055 4058 idco
1074 4008 1146 4059 oitssc
1161 4014 1268 4059 nostrae

708 4076 1054 4205 mqgssgqisr'sorqmqtn
1075 4140 1158 4205 sss'sit]
1184 4141 1266 4191 flend

709 4208 882 4276 prebendam
898 4215 942 4262 est
955 4210 1010 4260 boc
1025 4208 1190 4276 eqndeton.
1220 4209 1270 4261 ni-

709 4277 827 4328 oendnm
848 4282 912 4329 esst
935 4282 984 4329 snt
1005 4283 1031 4329 ct
1047 4312 1071 4329 ..
1089 4278 1160 4330 misit
1182 4279 1270 4329 sutri

711 4384 735 4397 ..
754 4345 833 4396 ssisit.
1207 4361 1214 4375 ⁶

744 4412 801 4463 dics
818 4410 865 4477 qui
881 4411 1020 4463 memini
1037 4417 1123 4463 status
1143 4412 1192 4478 est]
1210 4411 1272 4462 bln-

708 4478 799 4532 lueris
815 4473 940 4541 statutus,
960 4480 1009 4531 ssd
1028 4479 1065 4531 ci.
1085 4478 1178 4531 Tseit.
1197 4480 1277 4531 lliet.

709 4547 757 4615 IV,
770 4551 813 4600 81.
833 4553 942 4600 statos
959 4549 1069 4609 sestisis
1080 4550 1194 4617 fluidas
1206 4550 1273 4601 dies.
