2950 4992
180 118 239 185 DE
261 115 367 182 ons.
388 112 443 181 ET
465 112 555 181 SOG.
577 110 735 181 GRAECI
755 113 937 196 LATINIQ.
959 115 1094 183 vnum.
1137 118 1174 185 V.
1215 117 1281 185 239

108 288 221 353 dieitur
244 279 444 372 ἐῳνοχόουν,
472 290 504 349 et
525 303 582 368 pro
603 271 646 367 ἦν
669 280 725 367 ἔην
746 282 862 351 dicunt
893 286 976 358 ,Non
1000 287 1100 353 solum
1125 288 1157 353 in
1178 288 1280 355 verbis

109 374 186 439 baec
213 391 401 457 supervacua
430 368 569 443 adiectio,
589 368 642 433 sed
667 369 759 434 etiam
788 369 821 434 in
848 370 1026 438 nominibus
1050 381 1198 460 usurpata
1224 382 1281 453 est,

110 456 189 523 ἕδνα
209 455 303 521 ἔεδνα
329 464 361 521 et
389 454 509 519 similia.
550 448 732 536 Ἀναβαίνω
753 462 786 519 et
806 452 908 537 ἐπέχω
927 478 989 521 non
1010 457 1141 541 primam
1160 460 1214 525 sed
1233 463 1330 529 solu

108 544 240 609 cundam
264 540 410 628 syllabam
433 547 647 617 mutaverunt,
675 539 756 625 quia
769 541 867 626 prima
888 562 950 605 non
971 542 1058 607 verbi
1078 544 1130 608 sed
1152 566 1281 632 praepo·

5 611 13 662 ¹.
109 630 228 697 sitionis
252 636 314 693 est:
351 626 444 691 verba
466 624 548 689 enim
571 633 644 690 sunt
663 625 769 706 βαίνω
789 621 866 709 ἔχω,
894 636 926 692 et
948 625 1064 694 iaciunt
1085 625 1218 711 ἔβαινον
1238 624 1280 694 εἶ-

7 781 9 786 ,
108 738 176 797 χον,
198 714 269 779 inde
290 707 466 794 άνέβαινον
489 702 626 793 ἐπεῖχον.
669 706 888 793 Ἀναισχυνπῶ
908 720 1009 777 mutat
1028 714 1169 798 primam,
1189 710 1330 797 ἡναι-Ιδ
1411 734 1418 743 ·

110 798 284 907 σηύντουν,
305 798 379 882 quia
398 808 436 861 ex
460 796 584 861 nomine
604 797 800 883 conpositum
819 806 882 875 est,
905 797 935 862 id
956 804 1003 863 est
1024 798 1110 883 βῆμα
1131 794 1280 882 ὀνοματι-

108 910 178 966 κον,
202 882 415 965 ἀναίσχυντος
435 876 657 965 increpacio:
688 883 782 949 verbu
804 890 908 949 autem
932 904 972 948 cx
991 884 1159 969 conpositis
1181 885 1281 950 nomi·

108 973 167 1038 bus
194 968 410 1059 parasynthota
439 977 601 1045 vocantur,
640 975 672 1031 et
697 970 836 1053 aprima
863 969 976 1055 syllaba
1004 970 1210 1047 declinantur,
1246 978 1283 1037 ut

3 1082 5 1103 ι
110 1058 267 1143 φίλιππος
289 1054 466 1139 φιλιππίζω
492 1051 715 1137 ἐφιλίππιζον·
742 1055 814 1119 licet
835 1076 896 1119 non
919 1054 1073 1140 ignorem,
1095 1056 1180 1155 quod
1201 1051 1280 1139 σύμ·
1290 1059 1350 1127 14.

108 1166 209 1227 μαχος
230 1150 261 1205 et
283 1136 463 1225 συνήγορος
484 1140 643 1224 conposita
663 1138 726 1205 sint
743 1138 869 1205 nomina
889 1147 921 1203 et
938 1162 977 1205 ex
998 1162 1031 1206 se
1054 1141 1166 1208 lucrant
1186 1143 1281 1209 verbu

3 1254 4 1269 ι
108 1226 341 1314 paraspntbeta,
363 1226 518 1308 συμμαχῶ
541 1226 728 1309 συνηγορῶ,
751 1246 831 1311 quae
852 1233 956 1290 tamen
979 1245 1042 1290 non
1064 1225 1138 1291 loris
1157 1228 1211 1292 sed
1233 1227 1280 1293 in·

108 1322 160 1379 tus
182 1312 389 1391 declinantur,
428 1313 584 1395 σνμμαχῶ
606 1305 826 1394 συνεμάχουν,
865 1312 1038 1395 σννηγοροδ
1058 1308 1281 1396 συνηγόρουν·

3 1468 4 1475 ,
109 1399 163 1465 sed
191 1398 251 1463 boo
273 1398 355 1475 ideo,
394 1398 467 1481 quia
494 1396 681 1483 praepositio
709 1396 760 1462 bic
784 1397 878 1463 babet
903 1395 1158 1482 significationem
1183 1418 1281 1468 suam.

110 1484 255 1550 Ceterum
278 1482 331 1549 ubi
355 1483 459 1548 nullus
481 1503 519 1546 ex
541 1482 769 1568 praepositione
791 1501 899 1549 sensus
920 1483 1054 1560 accedit,
1090 1482 1166 1547 loris
1188 1481 1280 1551 decli·
1291 1485 1330 1551 15

110 1577 202 1635 natur
224 1568 437 1654 inperfectum,
460 1567 491 1632 id
513 1576 560 1633 est
580 1568 723 1635 adiicitur
745 1569 790 1633 illi
812 1567 935 1647 vocalis,
955 1577 1112 1654 tamquam
1135 1588 1280 1654 praesens

109 1666 232 1740 tempus
254 1654 380 1739 incipiat
401 1675 419 1717 a
440 1654 632 1731 consonanti,
652 1655 777 1733 καθίζω
801 1650 965 1733 ἐκάθιζον,
984 1650 1138 1719 καθεύδω
1161 1650 1331 1740 suaa-[na]

108 1740 225 1807 audon:
248 1740 308 1805 boc
327 1748 374 1805 est
393 1740 448 1817 ίζω
471 1740 555 1825 quod
575 1739 709 1819 καθίζω,
732 1740 792 1805 boc
812 1734 897 1805 εύδω
918 1739 1001 1825 quod
1021 1735 1185 1819 καθεύδω,
1207 1740 1280 1825 quia

109 1825 297 1910 praepositio
327 1824 404 1889 nibil
433 1824 592 1909 significat
634 1825 694 1891 Ubi
728 1847 802 1891 vero
832 1825 956 1891 additur
988 1846 1027 1891 ex
1053 1822 1332 1912 praepositionelb

110 1932 234 1987 sensus,
264 1918 338 1975 tuno
360 1910 392 1975 in
413 1910 615 1988 declinatione
638 1910 796 1996 inperfecti
820 1912 1012 1996 quaerimus,
1046 1910 1282 2008 unde-incipiat

111 1996 240 2063 verbum
262 1996 362 2081 ipsum
384 1995 450 2060 sine
473 1996 730 2145 praepositione:¹
757 1996 835 2062 etsi
857 1996 984 2061 verbum
1006 2017 1023 2061 a
1046 1996 1142 2063 vocali
1163 1995 1281 2081 incipit,

110 2081 251 2168 quamvis
270 2080 457 2166 praepositio
498 2082 587 2146 abeat
607 2090 839 2160 consonantem,
855 2082 942 2146 verbi
960 2090 1063 2147 tamen
1084 2081 1220 2147 vocalem
1241 2103 1281 2147 ex

109 2167 196 2234 brevi
219 2175 374 2232 mutamus
397 2167 428 2230 in
450 2167 587 2251 longam:
625 2176 662 2243 ut
682 2164 815 2251 συνάγω
837 2169 996 2251 συνῆγον,
1031 2168 1103 2253 quia
1127 2167 1211 2231 aliud
1233 2174 1281 2231 est

109 2246 179 2335 άγω
201 2252 283 2318 aliud
307 2248 446 2335 συνάγω.
490 2254 569 2318 Item
590 2253 616 2317 si
637 2254 824 2340 praepositio
846 2274 925 2339 quae
947 2274 1072 2318 sensum
1094 2251 1214 2323 confert
1233 2250 1330 2316 in-l'l

108 2338 202 2423 cipiat
222 2360 239 2403 a
259 2338 371 2415 vocali,
410 2337 576 2423 incipiente
596 2339 692 2404 verbo
715 2362 732 2405 a
755 2346 959 2415 consonante,
991 2335 1194 2421 inperfectum
1216 2355 1282 2402 ma·

109 2431 202 2489 nente
224 2424 331 2490 eadem
355 2444 411 2487 nec
433 2431 550 2487 mutata
575 2424 812 2507 praepositionis
834 2423 931 2488 vocali
953 2422 1043 2487 aliam
1066 2421 1152 2486 addit
1171 2442 1281 2486 conso·

109 2509 195 2573 nanti
218 2510 303 2574 verbi
324 2508 477 2583 vocalem,
514 2516 550 2574 ut
569 2514 617 2572 est
638 2504 791 2591 ἐνιχαίηω
814 2504 997 2593 ἐνίχαιρον,
1038 2506 1111 2591 quia
1130 2506 1213 2573 aliud
1233 2514 1282 2573 cst

110 2591 265 2675 ἐνιχαίρω
287 2593 371 2657 aliud
388 2592 501 2675 χαίρω.
545 2590 625 2657 Sane
647 2591 707 2657 boc
728 2594 919 2671 observatur,
939 2600 975 2659 ut
994 2591 1107 2657 vocalis
1126 2612 1206 2677 quae
1227 2587 1330 2658 ari-18
1441 2613 1448 2626 ·

110 2678 194 2742 ditur
215 2678 395 2741 consonanti
417 2675 519 2740 brevis
540 2676 595 2753 sit,
633 2677 789 2761 quianon
812 2685 915 2763 potest
935 2678 1015 2743 ultra
1037 2697 1135 2741 unum
1157 2685 1280 2763 tempus

110 2782 301 2829 excrescere:
338 2756 421 2843 λέγω
443 2756 568 2842 ἔλεγον,
595 2758 730 2846 λέγομαι
751 2758 914 2847 ίλεγόμην.
957 2761 1046 2829 Unde
1068 2758 1228 2846 βούλομαι
1248 2771 1281 2829 ολ

110 2843 255 2928 δύναμαι
276 2846 444 2911 secundum
466 2866 661 2913 communem
687 2850 824 2933 regulam
847 2870 886 2914 ex
907 2869 940 2914 se
962 2848 1078 2914 iaciunt
1099 2844 1281 2933 ἐβουλόμην

111 2928 296 3015 ἐδυνάμηνε
326 2931 379 2997 sed
401 2930 483 3030 quod
504 2952 595 3017 saepe
613 2932 744 3017 legimus
762 2930 950 3019 ἠβουλόμην
970 2927 1155 3019 ἠδυνάμην,
1177 2936 1279 2999 Attica

109 3016 233 3083 licentia
255 3024 310 3082 est.
352 3017 467 3083 Ultima
489 3038 613 3102 quoque
634 3020 748 3103 syllaba
772 3020 931 3106 inperfecti
953 3020 1095 3087 nonnibil
1121 3020 1278 3085 diversita-
1290 3015 1330 3082 19

59 3103 73 3127 ⁴
110 3104 150 3168 tis
173 3101 280 3179 habet,
317 3108 353 3167 ut
375 3103 407 3167 in
432 3102 653 3188 perispomenis
682 3106 780 3190 prima
802 3112 834 3169 et
854 3106 945 3171 tertia
967 3107 1000 3171 in
1026 3106 1125 3171 onN
1142 3104 1279 3182 mittunt,

111 3186 245 3253 ἐποίουν
265 3184 433 3287 ἐηρύσουν,
456 3188 588 3255 secunda
609 3189 641 3253 in
665 3191 746 3269 ίδΝ,
767 3186 887 3273 ἐβόωνε
908 3212 988 3277 quae
1007 3190 1086 3257 liunt
1106 3190 1138 3256 in
1157 3189 1278 3277 passivo

108 3274 158 3340 vel
190 3273 317 3359 passivis
350 3274 501 3339 similibus
536 3270 714 3359 ἐποιούμην
744 3271 948 3361 ἐχουσούμην
980 3273 1137 3361 ἐβούμην.
1185 3273 1330 3361 upudto
1442 3289 1456 3314 ⁴

109 3358 244 3425 Graecos
266 3360 350 3423 solus
370 3359 550 3424 dillinitirus
571 3360 682 3425 modus
707 3382 853 3447 praesens
872 3362 910 3427 ab
933 3361 1101 3450 inperlecto
1123 3360 1280 3461 disiungit,

109 3445 204 3509 ceteri
224 3465 332 3509 omnes
355 3444 438 3509 modi
461 3444 608 3527 iungunt,
633 3453 670 3511 ut
691 3448 778 3530 φιλῶ
798 3444 955 3531 ἐφίλουνε
985 3456 1018 3512 at
1039 3447 1071 3512 in
1097 3448 1279 3532 imperativo

109 3530 198 3614 φίλει
220 3550 365 3634 praesens
389 3537 421 3594 ct
439 3526 641 3613 inperfectum
667 3532 880 3599 confunditur:
912 3532 1055 3598 similiter
1076 3533 1109 3597 in
1131 3532 1279 3597 coniunc-

48 3642 56 3658 ·
108 3616 173 3681 tivo
194 3611 259 3678 Ιίαν
280 3615 368 3699 φιλῶ
390 3622 421 3680 et
446 3614 478 3678 in
498 3615 636 3701 optativo
664 3616 846 3703 είφιλοίμι
867 3625 900 3684 et
924 3618 958 3683 in
987 3618 1139 3685 inlinitiro
1168 3621 1283 3703 φιλεῖν

106 3707 277 3785 utrumque
299 3700 390 3766 simul
411 3701 724 3789 tempusappellant,
1333 3728 1337 3735 ’

1022 3814 1108 3878 [ura.
1129 3812 1211 3879 pan.

108 3896 151 3945 13.
186 3900 301 3947 molunt
325 3891 356 3944 P.
381 3922 415 3933 -
441 3888 618 3961 άνασχνντος
644 3897 671 3949 b.
824 3900 866 3950 11.
905 3894 1031 3966 incipio
1059 3896 1132 3951 coni.
1164 3895 1278 3961 Oprop,

108 3956 256 4030 „inspiciam
289 3960 430 4029 poeticum
467 3966 542 4013 eet-‘⁶
713 3966 756 4015 19.
792 3968 904 4034 porrici
937 3967 1067 4019 similibus
1097 3963 1168 4016 coni.
1206 3963 1279 4013 Zeu-

107 4030 187 4093 nius,
220 4046 304 4094 „curn
328 4034 426 4081 auctor
447 4030 575 4097 proxime
596 4036 660 4083 ante
682 4032 798 4101 μοοιίυο
819 4031 848 4085 in
871 4050 986 4085 numero
1005 4032 1146 4103 singulari
1165 4028 1279 4093 dixerit,

107 4102 191 4163 atque
215 4114 249 4149 ex
271 4098 466 4164 coniunctione
489 4098 579 4149 dativi
601 4105 630 4151 ot
652 4100 770 4153 ablativi
790 4100 896 4169 aliquid
914 4101 1020 4169 ingrati
1043 4102 1152 4152 oriatur
1167 4104 1196 4149 et
1212 4098 1279 4150 bor-

107 4166 193 4218 ridi.“
310 4168 355 4218 20.
391 4184 477 4219 omnes
495 4168 576 4218 modo
593 4168 656 4219 dzb.
690 4168 1277 4237 Zeuniusoooi.omnccmodiinngnntnr.

142 4272 185 4319 14.
220 4270 280 4323 licet
304 4288 357 4323 non
381 4272 516 4339 ignorem,
548 4273 618 4339 qnod
643 4308 669 4324 ..
715 4272 1001 4341 intelligendunorno
1018 4289 1072 4324 non
1088 4271 1176 4325 incile
1194 4270 1279 4322 iutel-

108 4340 242 4401 conposito
256 4338 325 4406 sint]¹
343 4340 402 4393 viu.
423 4346 479 4392 not.
502 4340 537 4391 nd
560 4338 667 4393 Corum,
718 4340 813 4408 ligit.“
834 4342 921 4394 Znnrr.
940 4370 968 4379 -
989 4340 1032 4392 Gi.
1053 4357 1076 4391 c.
1096 4344 1142 4404 15,
1165 4339 1195 4405 βξ
1213 4343 1230 4389 9
1249 4343 1282 4388 ot

109 4403 192 4467 l,13,
212 4408 254 4455 18.
325 4420 327 4425 ·
718 4409 816 4472 15.;ο.
835 4408 1123 4476 18,§5.3Prisoiuu.
1140 4408 1190 4459 lib.
1203 4406 1278 4471 vill,

143 4472 184 4551 ¹⁹:
219 4472 262 4523 ccl
275 4475 391 4539 passicis
402 4475 540 4541 similibus]
556 4476 669 4538 „Verba
718 4493 780 4543 cup.
805 4479 840 4528 do
859 4485 944 4544 temp.
964 4477 1039 4529 verb.
1057 4496 1085 4543 p.
1105 4481 1167 4527 876.

107 4540 215 4603 medio,
237 4555 310 4604 quoe
328 4542 578 4612 vulgodioontur,
602 4560 668 4596 aare
731 4548 794 4597 -θθ,
829 4554 859 4599 ω
872 4547 902 4597 in
918 4546 1073 4615 imperativo
1090 4542 1172 4613 φίλει]
1190 4543 1278 4611 „Pur-
