2950 4992
283 127 421 197 oenus
441 126 486 197 m
505 124 634 197 soom.
652 124 752 197 sou.
794 128 871 195 un.
893 129 918 195 1.
953 92 1050 199 'uin
1072 132 1125 199 vr.
1246 131 1289 199 eo

89 327 93 335 ·
116 298 169 363 ille
187 305 236 363 est
255 318 343 365 mons
362 319 401 365 ox
419 318 544 365 summo
565 304 637 363 noto
655 295 726 373 deo,
747 316 828 383 quoe
848 296 929 365 vines
948 305 1124 387 temporum
1143 301 1335 385 neseiensssp

114 384 148 448 in
169 404 234 449 uno
255 404 375 470 semper
395 383 480 469 quod
501 383 589 448 adest
607 381 749 448 consistit
770 402 861 459 nero,
900 403 1049 471 eumque,
1081 394 1190 473 utpote
1212 408 1283 466 une,

113 489 178 533 non
196 470 237 533 sit
253 469 319 553 ipso
338 469 548 546 numerabilis,
568 468 747 534 innumerus
765 475 870 533 tenen
888 488 1036 553 generum
1054 473 1171 556 speeies
1193 480 1225 539 et
1243 474 1283 540 de

112 573 147 617 se
166 560 250 618 erent
271 562 304 619 et
323 554 405 620 intro
427 575 463 621 se
482 552 647 618 eontinet·
673 552 750 621 Inde
777 572 903 639 quoque
929 552 1025 619 neiem
1051 556 1210 639 paululum
1230 579 1282 625 eo·
1310 563 1332 629 e

110 638 267 721 gitotinnis
295 639 447 704 inclinans
474 638 555 703 hono
588 638 720 703 monade
747 637 903 736 repperies
933 637 971 703 ed
1002 638 1138 705 enimam
1166 642 1281 708 referri.

109 723 223 789 Animo
247 724 332 789 enim
358 724 458 788 elienn
479 744 497 788 e
517 723 666 790 silvestris
694 731 877 809 eontngroue
904 723 1065 801 materiae,
1102 732 1223 790 tentum
1247 748 1281 793 se

110 808 228 873 auctori
250 829 309 874 suo
328 829 366 874 oo
384 808 444 874 sibi
465 808 596 886 debens,
635 807 806 895 simplicem
830 809 938 875 sortite
960 817 1118 887 notorem,
1154 830 1224 874 eum
1248 832 1281 877 se

110 892 291 963 animandae
310 892 500 959 inmensitnti
521 893 728 961 universitatis
748 893 904 974 infundet,
941 895 1063 961 nullum
1091 894 1150 961 init
1177 902 1281 959 temen
1371 922 1375 929 ¹

110 997 182 1044 oum
202 999 259 1045 suo
277 978 399 1043 unitote
418 977 593 1044 divomiuur.
635 979 746 1055 Vides,
773 986 809 1045 ut
828 978 903 1045 haee
925 1001 1034 1047 mones
1054 989 1121 1046 orte
1143 1002 1161 1047 e
1182 980 1282 1066 primo

109 1083 216 1129 rerum
235 1082 329 1127 ceusu
351 1082 451 1148 usque
472 1062 511 1129 ed
530 1063 664 1128 enimam
688 1062 805 1149 ubique
830 1064 947 1148 integra
967 1073 999 1131 et
1024 1086 1146 1152 semper
1170 1064 1281 1131 indivi-

110 1146 173 1216 due
195 1146 459 1215 continuationem
482 1147 642 1234 potestatis
663 1148 811 1234 optinent.
856 1140 942 1213 liene
964 1149 1003 1215 de
1030 1150 1162 1217 monade
1189 1149 1332 1217 resti-10

110 1230 213 1329 getius
233 1251 326 1316 quem
346 1253 380 1298 se
398 1232 488 1319 eopio
506 1254 544 1301 su
602 1232 697 1299 rebnt.
740 1234 805 1301 Nee
825 1238 857 1297 te
878 1233 1066 1312 remordent,
1087 1235 1186 1321 quod,
1207 1258 1279 1303 eum

111 1336 197 1379 omnr
220 1336 349 1383 numero
370 1338 510 1403 proeesse
533 1319 561 1385 ri
584 1326 680 1395 entur,
701 1318 734 1383 in
756 1318 974 1385 ooniunotione
995 1320 1157 1405 prueoipue
1178 1327 1280 1405 septe·

109 1400 187 1464 nerii
215 1401 421 1486 preedioetur:
457 1402 534 1469 nulli
561 1402 645 1471 enim
671 1403 773 1488 aptius
800 1403 940 1489 iungitur
968 1425 1076 1471 mones
1104 1404 1281 1489 inoorrupts

109 1505 203 1569 quom
223 1486 343 1573 virgini.
385 1488 467 1554 Huic
486 1495 591 1555 eutem
616 1509 764 1567 numero,
786 1487 818 1554 id
839 1496 887 1555 est
904 1490 1096 1587 septenario,
1115 1488 1193 1554 odeo
1213 1488 1279 1574 opi·
1291 1490 1327 1555 ll

108 1569 163 1634 nio
184 1570 367 1656 virginitatis
389 1573 532 1649 inolevit,
560 1581 597 1639 ut
615 1573 717 1639 Pelles
737 1594 864 1659 quoque
883 1581 1044 1639 vocitetur.
1092 1574 1171 1640 Nem
1193 1573 1279 1657 virgo

108 1655 258 1732 ereditur.
280 1657 353 1742 quio
374 1658 495 1723 nullum
512 1678 554 1725 ex
574 1679 608 1723 se
628 1658 709 1741 perit
727 1678 892 1723 nunmrum
914 1657 1102 1743 duplicatus,
1125 1658 1179 1744 qui
1200 1657 1281 1725 intro

108 1740 269 1810 denarium
291 1750 459 1819 mutetur,
481 1762 575 1827 wem
595 1742 730 1827 primum
754 1742 883 1809 limitem
905 1751 1025 1809 constet
1045 1764 1114 1809 esse
1135 1762 1280 1810 numero·

108 1844 193 1891 rum:
223 1826 325 1891 Pelles
344 1826 430 1902 ideo,
453 1827 526 1911 quie
547 1848 585 1892 ex
607 1827 703 1893 solius
724 1828 864 1893 monadis
886 1828 951 1894 letu
972 1836 1004 1895 et
1025 1827 1280 1913 multiplicatione

131 1910 273 1987 roeessit,
314 1910 395 1977 sicut
417 1911 559 1978 lfinerva
585 1911 650 1977 sole
681 1933 720 1977 ex
746 1932 810 1979 uno
837 1923 963 1998 parente
993 1920 1064 1979 note
1090 1912 1280 1998 perhibetur.

150 1994 256 2060 uerius
275 2016 367 2072 vero.
381 1995 435 2081 qui
457 2017 528 2062 eum
550 2017 615 2063 uno
635 1997 819 2063 ooniunetus
841 1998 1049 2085 septenarium
1073 1996 1153 2074 looit,
1176 1998 1277 2065 reriee
1289 1993 1330 2061 12

107 2100 145 2145 ao
165 2079 343 2165 multiplicis
364 2081 522 2166 religionis
541 2088 575 2147 et
595 2082 750 2168 potentiue
770 2090 834 2149 est:
871 2084 1006 2169 primum
1027 2083 1111 2169 qued
1132 2083 1215 2150 solus
1238 2104 1278 2149 ex

106 2164 252 2230 omnibus
271 2166 408 2231 numeris
430 2166 483 2251 qui
509 2166 590 2232 intre
610 2167 717 2233 decem
736 2176 810 2234 sunt
837 2167 875 2233 de
900 2170 964 2235 suis
990 2168 1129 2254 pertibus
1149 2174 1278 2233 constet.

107 2248 209 2314 Habet
228 2249 312 2315 enim
332 2251 528 2317 medietatem
549 2261 582 2318 et
601 2253 722 2318 tertium
745 2260 864 2338 partem
886 2260 919 2317 et
938 2260 1057 2317 sextum
1078 2259 1214 2337 portem:
1245 2259 1278 2315 et

107 2343 155 2400 est
175 2334 323 2400 medietas
341 2337 417 2414 trie,
437 2337 529 2401 tertio
550 2356 620 2421 pers
639 2337 717 2413 duo,
738 2346 826 2401 sexta
845 2358 916 2421 pers
936 2356 1049 2400 unum:
1071 2354 1151 2418 quae
1172 2333 1328 2412 omnielue]

106 2418 197 2485 simul
220 2440 275 2485 sex
296 2420 421 2485 leniunt.
463 2421 565 2485 Habet
587 2427 619 2483 et
641 2420 701 2484 elio
723 2440 797 2485 sune
817 2419 1024 2485 venerationis
1050 2418 1178 2481 indicio:
1214 2418 1277 2497 sed,

107 2524 146 2571 ne
169 2504 289 2589 longior
308 2504 399 2569 leniet
415 2523 517 2568 sermo
535 2502 701 2579 fastidium,
717 2524 816 2570 unum
838 2525 877 2567 ex
893 2502 1038 2567 omnibus
1058 2500 1125 2565 eius
1142 2500 1278 2567 officium

106 2609 340 2676 persequemur,
357 2586 442 2673 quod
462 2586 535 2653 ideo
551 2586 764 2673 praetulimus,
783 2586 856 2675 quie
875 2586 936 2653 hoo
954 2592 1195 2652 commemorato
1214 2606 1278 2653 non

903 2774 987 2841 [ute.
1004 2772 1209 2846 vieoltgrptlzb.

104 2890 141 2913 .-
158 2868 218 2930 post
235 2865 304 2931 (om.
322 2859 460 2921 ‹1aeth.
477 2884 512 2899 ··
528 2875 586 2912 ean
596 2861 706 2926 frustm
719 2858 864 2914 ι-ΙιΡΒιιι.
881 2888 914 2903 -
933 2862 1008 2916 lineo
1027 2869 1065 2915 est
1080 2862 1130 2923 illo
1144 2860 1177 2915 F.
1194 2889 1227 2901 -
1245 2877 1277 2915 er

104 2947 205 2987 summ
221 2936 288 2980 outo
305 2927 499 2991 Barnaeum
517 2928 553 2979 ol.
570 2926 619 2981 inl.
638 2926 653 2995 5
671 2932 714 2980 20.
732 2936 761 2981 el
779 2946 802 2981 e.
820 2930 851 2993 2,
870 2929 939 2996 514.
975 2946 1105 2985 esumme
1121 2938 1187 2983 oete
1204 2928 1276 2981 Bne.

104 2998 191 3066 eehg.
231 3013 264 3048 ex
283 3003 489 3049 connectente
509 2995 659 3048 Rle-lsP.
697 3012 728 3049 or
750 3013 850 3049 summo
872 3005 958 3051 eunte
979 3014 996 3049 v
1017 2999 1064 3058 (vl
1087 3003 1217 3059 tumme).
1241 3023 1275 3035 -

103 3082 171 3119 eeoo
188 3063 305 3117 emere
323 3062 354 3113 F.
378 3089 413 3103 -
434 3064 470 3116 'rit
486 3063 546 3129 ipsa
562 3064 762 3117 &sanabilis
778 3066 827 3129 (on
849 3102 855 3115 .
873 3065 902 3119 in
918 3064 983 3118 etlrl.
999 3067 1066 3131 non)
1084 3065 1136 3115 Rss.
1158 3091 1192 3104 -
1214 3064 1276 3131 ipso

102 3150 158 3187 em.
182 3149 244 3199 vg.
267 3157 300 3169 -
321 3131 530 3183 innumerabiles
546 3128 579 3181 F.
603 3157 638 3168 -
660 3132 802 3184 continent
824 3081 856 3182 ε.
1008 3135 1033 3183 9.
1069 3131 1131 3183 orie
1149 3130 1220 3182 Bsn.
1240 3156 1275 3169 -

101 3201 220 3254 monade
238 3197 354 3249 FRlGIa
372 3197 410 3258 (Β
428 3202 535 3258 mone).
568 3199 717 3251 onmem
732 3196 963 3252 unereseeue.
979 3226 1015 3237 -
1028 3200 1125 3265 referri
1142 3196 1274 3251 numer

103 3268 191 3337 v-gGa
225 3282 323 3334 posse
339 3265 434 3331 referri
449 3264 657 3317 snm-opens.
676 3275 710 3303 —-‘
727 3267 845 3320 ueniter
858 3267 909 3318 Rl.
923 3270 963 3302 —'
974 3266 1156 3318 universitatis
1171 3267 1274 3317 inmen-

101 3337 182 3389 sitate
200 3332 315 3384 milne.
341 3361 369 3371 -
393 3333 441 3383 sul
457 3334 561 3384 onitate
577 3331 651 3383 Bne.
672 3361 706 3372 -
726 3335 816 3401 prime
834 3338 903 3393 (om.
920 3336 952 3390 a)
972 3348 1005 3383 ex
1025 3333 1100 3384 edito
1119 3350 1197 3383 exem
1218 3328 1275 3381 leri

104 3408 148 3467 (n)
165 3401 250 3455 affort
268 3398 341 3451 Motl.
359 3397 394 3451 N.
411 3397 489 3466 Iaup.
507 3402 550 3450 ³0.
571 3424 605 3438 -
628 3399 665 3450 orl
686 3417 770 3467 usque
793 3398 938 3465 Fere-ge
961 3400 1180 3463 „rnorubrenue“
1229 3396 1273 3448 orl.

103 3471 122 3523 l.
142 3488 166 3522 e.
185 3497 218 3508 -
236 3469 376 3537 integram
393 3474 419 3518 et
441 3482 540 3533 semper
555 3466 727 3519 individuum
744 3467 903 3533 „memhr.“
920 3464 997 3515 Mori.
1017 3467 1036 3515 l.
1056 3482 1079 3517 e.
1231 3467 1274 3516 1⁰.

102 3537 264 3607 suggerebat
278 3534 447 3604 (seusticus
464 3538 540 3595 sunt)
556 3532 586 3584 L.
612 3562 640 3572 -
662 3534 733 3587 nulli
749 3541 852 3587 eutem
871 3538 946 3598 (sup.
965 3532 1049 3593 etnim)
1065 3532 1117 3582 Ru.

103 3610 146 3658 11.
185 3605 273 3669 iissre
294 3600 351 3653 Te.
373 3628 408 3641 -
433 3616 557 3669 queque
578 3601 638 3654 ideo
660 3601 712 3653 Rl.
742 3630 770 3641 -·
800 3602 858 3654 solu
881 3600 1013 3665 Mser-ln
1050 3595 1176 3652 restituit
1195 3596 1273 3651 Moe.

100 3674 122 3725 l.
143 3690 168 3725 e.
194 3672 317 3723 consent.
338 3668 426 3720 Gron.
468 3670 528 3721 solo
555 3683 616 3737 v-g.
641 3695 676 3708 -
700 3668 759 3720 sole
778 3670 896 3721 minerve
922 3668 974 3719 Re.
1125 3669 1166 3718 12.
1205 3668 1272 3719 iue-

102 3747 160 3793 σιω
186 3740 238 3790 Re.
267 3765 302 3778 -
329 3726 521 3801 solom'v·g(l
546 3736 619 3802 qoerl
642 3735 748 3788 delevit
770 3736 883 3789 Medius
911 3736 929 3787 l.
951 3753 975 3786 o.
1019 3728 1082 3801 „Te
1107 3736 1180 3787 solos
1204 3750 1273 3786 neve

101 3806 246 3861 moveos.“
269 3804 355 3857 Gron.
379 3831 406 3841 —
430 3804 504 3855 intre
520 3802 672 3855 manente
691 3805 912 3868 ‚‚membrenue“
926 3802 1001 3855 Moe.
1021 3805 1040 3855 l.
1059 3821 1082 3854 o.
1105 3804 1192 3869 „Moe
1212 3819 1272 3855 oru-

101 3876 173 3928 ues“
188 3874 273 3925 Gron.
291 3871 339 3938 qui
358 3869 468 3925 conlert
485 3870 499 3938 l
516 3875 556 3935 ¹¹.-
574 3872 648 3923 iutra
663 3871 810 3925 denarium.
844 3874 927 3937 iufra
943 3888 999 3924 v-z.
1019 3900 1047 3910 -
1067 3887 1103 3923 ee
1117 3869 1173 3921 tuis
1189 3868 1221 3921 F.
1240 3895 1269 3906 -

101 3942 315 3996 comoriensem
334 3938 387 3989 Μ.
540 3942 581 3989 13.
611 3938 1023 4004 [memmatensis.
1043 3928 1146 4003 mle).
1172 3962 1197 3972 -
1217 3936 1271 3998 so-

101 4011 156 4064 oiet
172 4024 260 4063 more
276 4006 348 4059 ean.
366 4032 399 4045 -
411 4000 555 4071 fastidium
568 4015 708 4075 generet
722 4008 759 4060 H.
777 4034 811 4047 -
825 4009 998 4077 protulimus
1011 4005 1082 4058 Bne.
1095 4030 1129 4043 -
1146 4019 1194 4054 uos
1209 4009 1271 4055 ten·

135 4183 179 4231 10.
214 4177 283 4231 mli
337 4174 386 4244 's]
418 4174 439 4228 i.
468 4192 494 4228 e.
523 4176 660 4243 pressius,
709 4178 773 4230 elem
796 4179 879 4243 prelo
897 4176 1053 4239 Volerone,
1080 4172 1165 4225 etiem
1182 4173 1271 4237 Mers,

98 4246 225 4301 brevius.
258 4245 308 4298 Sne
323 4243 473 4312 Augustin-
487 4244 575 4296 doctr.
591 4246 660 4298 Chr.
710 4245 842 4296 «licuntur
869 4244 971 4296 Iunoni
999 4243 1055 4293 dno
1080 4240 1194 4293 nemine
1222 4241 1271 4292 tle·

100 4314 151 4377 lv,
171 4316 213 4365 14.
230 4312 302 4367 dieii
317 4313 479 4382 castigatis·
496 4313 591 4380 eloqui.
709 4313 807 4364 bere.“
842 4310 934 4362 Gnorr.
976 4308 1130 4360 Vuleenum
1164 4309 1271 4360 lunone

138 4386 179 4433 ll.
220 4381 279 4435 sola
305 4398 337 4433 oe
362 4388 553 4447 vesperante
582 4378 660 4447 eote]
710 4378 772 4430 sole
804 4376 931 4444 genitum
965 4376 1120 4428 retulerunt
1154 4376 1271 4429 Hesion.

101 4448 195 4514 „Note
205 4447 350 4502 Maerobio
366 4446 584 4500 noneonvenire
596 4463 661 4498 mm
710 4444 823 4511 Theog.
839 4446 900 4495 9²7.
935 4442 1063 4511 Apellei.
1080 4445 1148 4497 bibl.
1169 4446 1192 4511 1,
1205 4448 1232 4512 ³,
1244 4449 1270 4497 5.

99 4516 178 4587 uiis,
193 4516 297 4586 quibus
311 4521 423 4585 prester
440 4513 597 4568 Minervam
614 4528 660 4567 eo·
710 4512 834 4568 Mortem
854 4509 935 4567 osio.
953 4512 1030 4567 Fest-
1049 4512 1079 4579 ll,
1096 4516 1158 4567 229.
