2950 4992
303 161 440 231 COMM.
460 160 505 232 IN
526 159 654 231 SOMN.
675 159 774 230 scu.
816 163 891 230 LIB.
913 166 937 231 Ι.
980 166 1070 235 GAP.
1091 169 1146 238 1x.
1264 173 1307 242 63

136 332 189 409 Et,
210 352 250 397 ne
269 332 318 398 cui
337 331 528 397 fastidiosum
547 330 598 409 sit,
619 331 646 396 si
664 351 772 398 versus
793 332 885 417 ipsos,
908 342 945 399 ut
965 344 1056 421 poeta
1076 337 1213 408 Graecus
1235 343 1335 430 proso

136 418 218 496 tulit,
238 417 417 495 inseramus,
437 416 607 483 referemus
625 436 689 496 eos,
707 424 745 483 ut
764 437 802 482 ex
826 417 927 488 verbis
947 421 1010 486 suis
1031 423 1064 488 in
1083 425 1193 494 Latina
1212 430 1306 496 verba

136 502 275 568 conversi
302 510 390 566 sunt:

220 587 367 672 indigetes
388 587 455 651 divi
468 588 533 671 soto
552 587 664 651 moeni
680 587 763 651 Iovis
783 585 819 650 ti
842 597 928 652 sord:

221 672 382 749 Quondam
402 672 550 747 homines,
573 672 660 735 asodo
679 693 747 736 cum
766 673 885 758 superos
905 672 1039 736 humano
1059 681 1179 756 tuentes,

219 758 320 842 Lorps'
336 779 372 821 oc
393 756 542 841 montisi,
572 758 622 820 ius
641 778 746 842 repens
765 777 848 820 coac
866 777 981 843 quoque
1002 759 1092 823 nocti.

133 843 203 907 lloc
222 849 254 907 et
276 841 424 925 Virgilius
448 861 510 905 non
532 841 665 925 ignorat,
694 842 764 928 qui,
792 841 863 906 licet
888 850 1072 926 argumento
1094 864 1151 909 suo
1171 847 1335 914 serviensS

132 927 244 993 heroas
262 927 294 990 in
316 926 431 990 inleros
451 926 639 1011 relegaverit,
661 947 724 990 non
746 935 850 991 tamen
870 947 923 990 eos
946 926 1106 993 abducite
1129 931 1223 1010 caelo,
1246 935 1354 1015 sed[5r]

133 1013 260 1077 aethera
281 1011 330 1075 his
352 1010 479 1096 deputat
501 1011 679 1095 largiorem,
718 1018 750 1075 et
772 1031 862 1075 nosse
882 1031 935 1075 eos
962 1012 1058 1076 solem
1080 1035 1170 1080 suum
1193 1037 1231 1092 ac
1249 1039 1305 1084 sua

132 1098 234 1163 sidera
255 1095 432 1180 profitetur,
457 1103 494 1161 ut
514 1096 655 1181 geminae
676 1093 833 1159 doctrinae
853 1095 1082 1163 observationes
1108 1103 1304 1184 praestiterit,

133 1191 165 1248 et
185 1181 322 1267 poeticae
345 1179 525 1265 figmentum
551 1188 583 1246 et
605 1179 817 1267 philosophiae
839 1180 1009 1245 veritatem.
1053 1184 1110 1262 Et,
1144 1186 1170 1250 si
1195 1193 1333 1260 secun-ll

134 1268 209 1331 dum
231 1266 318 1331 illum
336 1285 387 1330 res
404 1286 530 1351 quoque
549 1266 690 1346 leviores,
711 1285 787 1351 quas
808 1265 869 1332 viri
889 1275 1100 1346 exercuerant,
1119 1269 1211 1336 etiam
1232 1283 1303 1359 post

132 1372 246 1438 corpus
266 1358 426 1415 exercent:

581 1471 626 1483 -
649 1435 735 1513 Quos
752 1435 999 1521 gratissumum

217 1521 435 1606 decorantque
454 1519 516 1605 [πίε
533 1521 625 1597 mosi,
653 1542 729 1607 quoe
749 1542 825 1585 coro
844 1521 965 1584 orionis

217 1605 344 1670 Poscere
365 1626 468 1692 equos,
496 1606 597 1670 sodon
616 1608 750 1691 sequior
773 1605 875 1670 tellure
894 1615 1044 1690 repostos:

131 1689 231 1757 multo
251 1689 350 1773 magis
373 1697 508 1756 rectores
534 1691 691 1775 quondam
711 1689 837 1755 urbium
859 1690 973 1776 recepti
996 1689 1029 1753 in
1056 1687 1175 1755 caelum
1197 1711 1302 1758 curam

130 1774 337 1861 regendorum
355 1773 516 1838 hominurn
536 1796 600 1839 non
620 1776 809 1860 relinquunt.
852 1775 919 1839 Hae
940 1782 1044 1839 autern
1066 1776 1186 1841 animae
1204 1778 1235 1842 in
1257 1779 1355 1847 ul-10

129 1862 238 1927 timum
260 1859 422 1944 sphaeram
443 1858 537 1946 recipi
560 1859 744 1936 creduntur,
783 1879 863 1945 quae
891 1855 1037 1944 ἀπλανὴς
1066 1869 1206 1927 vocatur:
1246 1885 1303 1930 nec

130 1947 243 2013 lrustra
266 1944 325 2010 hoc
343 1953 527 2030 usurpatum
549 1952 612 2023 est,
647 1945 800 2031 siquidem
827 1944 899 2010 inde
927 1944 1081 2030 proiectae
1103 1955 1183 2011 sunt.
1225 1951 1302 2014 Ani·

129 2032 189 2097 mis
211 2028 293 2095 enim
316 2029 452 2095 necdum
478 2029 631 2096 desiderio
651 2030 789 2116 corporis
808 2029 940 2095 inretitis
966 2030 1084 2096 siderea
1104 2052 1175 2116 pars
1195 2034 1304 2100 mundi

129 2123 264 2204 praestat
282 2115 507 2193 habitaculum,
541 2124 574 2182 et
595 2116 666 2182 inde
688 2117 836 2181 labuntur
857 2115 889 2180 in
910 2135 1054 2214 corpora:
1091 2115 1161 2182 ideo
1182 2117 1230 2183 his
1247 2120 1303 2185 illo

130 2210 178 2268 est
198 2200 324 2279 reditio,
356 2201 410 2287 qui
433 2209 600 2267 merentur.
641 2202 824 2268 Rectissime
847 2221 920 2300 ergo
943 2201 1060 2267 drotum
1082 2209 1142 2279 est,
1176 2223 1246 2268 oum
1269 2205 1301 2269 in

127 2287 283 2375 γαλαξίᾳ,
306 2307 398 2373 quern
418 2281 566 2372 ἀπλανὴς
584 2288 736 2365 continet,
757 2306 859 2352 sermo
881 2293 939 2352 rste
956 2285 1117 2373 procedat:
1139 2285 1210 2352 hino
1225 2309 1301 2374 pro·

127 2375 199 2460 (orti
216 2374 276 2440 huc
294 2383 495 2439 revertuntur.

911 2542 996 2605 [Edd.
1016 2541 1224 2614 vicahgspdalr.

127 2643 155 2690 ’1.
192 2635 229 2688 Et
250 2649 309 2684 neu
337 2636 414 2698 (sap.
437 2645 472 2682 sse
493 2631 550 2690 eol)
572 2625 608 2679 B.
634 2652 669 2666 -·
693 2628 781 2679 seriis
801 2627 849 2679 uir
870 2625 905 2678 Β.
948 2629 1035 2681 vorbis
1055 2630 1122 2683 eius
1153 2647 1181 2698 g.
1208 2659 1243 2674 ·-
1272 2634 1302 2688 irs

127 2704 209 2758 oerho
229 2702 316 2753 lutino
343 2698 375 2749 F.
401 2725 435 2737 -
455 2702 521 2762 suto
542 2697 599 2748 diei
623 2695 675 2747 Rl.
700 2723 737 2736 ·-
761 2696 824 2778 laus
843 2696 963 2762 munifici
986 2698 1038 2778 βῆ.
1059 2724 1093 2737 -
1118 2701 1202 2783 regip
1228 2700 1300 2756 Bu.

127 2770 257 2890 narni?
281 2764 746 2902 l‘ttt‘gtttltftlehn
768 2765 1022 2902 litatus?
1040 2765 1301 2908 &letatus

127 2907 181 2958 R2.
198 2931 232 2941 -
252 2901 332 2954 solem
350 2918 383 2952 ac
400 2919 454 2952 suo
471 2902 561 2953 sidera
575 2899 628 2951 Ηῆ.
647 2926 682 2938 -
701 2900 828 2968 geroiano
844 2900 980 2953 doctrinae
997 2919 1094 2968 qoam
1110 2905 1301 2970 profitetur

126 2975 199 3026 Brnr.
221 2997 256 3010 -·
277 2971 487 3021 clementiorem
505 2969 550 3020 Ηῆ
568 2967 727 3032 ,‚msmhr.·‘
746 2967 822 3019 Mod.
840 2965 872 3018 N.
889 2966 919 3017 h.
939 2986 966 3035 p.
986 2971 1043 3020 182
1065 2995 1099 3008 -
1122 2974 1302 3037 praesmers't

126 3057 153 3104 a,
171 3038 243 3107 quod
263 3036 383 3105 corrigit
399 3037 475 3088 hlud.
494 3037 515 3088 1.
534 3053 558 3088 ο.
573 3063 608 3078 -
624 3035 762 3087 ceritatem
783 3052 846 3088 non
868 3036 1057 3089 deseruerit
1074 3037 1146 3090 Bsn.

125 3116 151 3162 9.
187 3113 292 3173 etpost
310 3106 380 3156 Bne.
399 3130 432 3143 -
451 3105 537 3172 Quos]
558 3103 636 3173 virg.
654 3104 721 3154 dan.
741 3102 785 3164 Vl,
804 3105 864 3154 65³.
881 3131 914 3142 -
933 3121 1056 3156 camum
1075 3104 1247 3158 unns-ars.
1267 3133 1300 3148 ·-

124 3176 228 3231 nitenti
234 3191 246 3225 s
265 3173 420 3226 aureum.
453 3173 592 3227 attonitis
608 3172 674 3233 chg.
707 3171 821 3224 nitentes
840 3170 1039 3226 noussen.
1056 3199 1087 3210 -
1104 3174 1138 3225 ia
1156 3175 1251 3226 tellure
1267 3175 1299 3228 P.

124 3273 159 3284 -
177 3241 300 3313 repostis
319 3242 370 3291 Rl.
391 3269 426 3281 -
447 3242 561 3308 relinqu
582 3247 618 3292 nt
635 3238 745 3300 (deleta
763 3239 873 3301 littera,
915 3256 967 3292 nae
986 3239 1099 3292 videtur
1115 3241 1205 3294 luisse
1219 3248 1248 3303 a)
1266 3241 1298 3294 F.

227 3314 268 3361 to.
302 3309 331 3360 in
348 3310 470 3360 nltimam
487 3308 569 3376 recipi
586 3309 730 3360 medentur
750 3323 868 3375 spernas
890 3255 922 3356 d.
943 3333 977 3348 ·-
996 3308 1108 3374 aplanes
1126 3314 1169 3368 (et
1186 3309 1216 3360 h.
1235 3311 1254 3360 Ι.
1271 3317 1299 3361 et

124 3379 213 3439 inira)
229 3377 299 3428 Mos.
320 3383 349 3429 et
366 3377 434 3427 uon.
453 3403 486 3415 -
509 3376 640 3429 desiderio
656 3375 772 3442 corporis
790 3374 921 3426 intentis
942 3374 992 3426 Rl.
1011 3403 1046 3414 -
1067 3375 1184 3442 gelasia
1205 3375 1298 3428 BFSP

123 3447 267 3500 limis-z.
302 3445 427 3514 gelasii
445 3447 488 3496 sl.
522 3445 665 3514 galaxian
679 3441 842 3510 vt-gthn.
860 3442 995 3508 probante
1013 3440 1129 3493 Zennio.

156 3609 182 3655 t.
216 3600 491 3721 indigetespiflssiodi
504 3617 604 3654 versus
615 3616 684 3667 qnos
734 3597 847 3666 digetss
866 3613 929 3648 esse
945 3596 1012 3649 deos
1025 3613 1060 3650 ex
1075 3597 1237 3651 hominihus
1254 3599 1298 3652 ie-

123 3672 212 3724 latine
236 3673 323 3723 vertit
375 3669 520 3736 aerohins,
550 3670 686 3738 leguntur
735 3673 796 3721 ctos
818 3663 899 3732 qussi
921 3666 949 3718 in
975 3665 1031 3717 diis
1053 3673 1180 3734 agentes.
1217 3667 1297 3721 Geni.

123 3740 175 3804 0p.
195 3746 224 3791 et
243 3739 275 3789 1).
295 3739 318 3802 1,
339 3742 385 3789 121
405 3755 464 3804 sqq.
733 3735 877 3802 Hartnng,
897 3732 992 3804 Relig.
1011 3735 1038 3788 d.
1053 3736 1135 3788 Rom.
1153 3737 1209 3790 vol.
1227 3735 1250 3800 1,
1269 3755 1296 3806 p.

127 3806 179 3859 Tol
199 3802 250 3874 pls
267 3801 395 3873 δαίμονές
412 3804 464 3857 sios
480 3799 550 3865 Assio
566 3800 685 3872 μεγάλου
734 3807 768 3854 81
789 3817 850 3869 sqq.

430 3867 477 3923 διὰ
495 3868 606 3940 βουλάς,
680 3875 692 3931 l
764 3869 840 3936 fsto]
868 3868 887 3921 l.
907 3884 931 3922 e.
950 3869 1051 3933 effata,
1076 3868 1205 3921 consilio.
1240 3868 1297 3920 Re-

119 3936 242 4009 Ἐσθλοὶ,
258 3936 421 4008 ἐπιχθόνιοι,
436 3936 557 4026 φύλακες
572 3939 685 4007 θνητῶν
734 3939 854 4007 spondet
872 3937 981 3990 Graeco
1000 3935 1047 3990 διὰ
1064 3936 1174 4005 βουλῆς.

426 4003 596 4073 ανθρώπων,
767 4011 793 4056 8.
828 4007 937 4058 ucthm
1009 4006 1153 4074 largiorem
1168 4002 1232 4069 ete]
1249 4001 1296 4054 Si-

124 4073 212 4146 Οῗρα
223 4070 410 4146 φυλάσσουσίν
421 4074 543 4194 'ignite
560 4070 608 4126 sol
624 4069 683 4142 σχὲ-
731 4073 852 4193 gnigpat
872 4074 950 4142 Virg-
971 4073 1038 4124 Aen.
1058 4072 1107 4136 tl,
1131 4085 1230 4122 versus
1245 4072 1297 4122 640

426 4161 443 4194 r
551 4159 570 4194 α
732 4148 760 4196 st
817 4146 838 4194 l.

115 4205 202 4279 Ἠἐρα
230 4206 385 4276 ἑσσάμενοι,
415 4207 506 4279 πάντῃ
517 4159 683 4276 iidem
766 4214 806 4262 10,
842 4225 901 4259 sam
919 4207 948 4258 irs
962 4203 1094 4276 γαλαξίᾳ,
1114 4217 1189 4271 paens
1207 4196 1296 4256 dats-

426 4272 467 4329 ἐπ’
486 4271 562 4343 alno,
728 4271 780 4342 νὴς
809 4275 936 4337 eontinet,
967 4291 1051 4327 sermo
1078 4275 1128 4324 isle
1153 4272 1293 4340 procedat]

124 4342 327 4413 tumorum,
342 4341 392 4397 ml
406 4345 492 4398 τοῦτο
505 4341 589 4412 γέρας
602 4343 681 4412 βασι·
730 4342 750 4394 1.
768 4359 792 4394 e.
811 4341 955 4394 helreatur.
991 4340 1072 4392 conl.
1092 4357 1116 4391 c.
1134 4344 1164 4402 6,
1183 4339 1197 4406 5
1216 4341 1246 4402 43
1268 4357 1293 4392 c.

426 4407 505 4480 λήϊον
522 4409 609 4478 loxos.
730 4413 772 4474 10,
791 4409 804 4490 p
822 4413 851 4473 ⁶3
870 4425 894 4460 e.
916 4413 955 4472 15,
971 4407 1024 4471 lu,
1045 4413 1073 4461 et
1095 4408 1129 4461 de
1148 4412 1208 4460 tota
1228 4423 1293 4461 sea-

19 4495 44 4542 ο
157 4481 306 4550 Indigetes]
331 4478 449 4533 Servius
465 4481 500 4532 ad
517 4479 594 4546 Virg.
612 4479 679 4532 den.
728 4483 817 4530 tentia
835 4493 858 4528 c.
877 4479 907 4541 4,
927 4476 941 4545 5
960 4482 993 4544 53
1018 4495 1042 4530 c.
1062 4479 1110 4545 14,
1129 4475 1159 4543 §5
1178 4479 1223 4529 23.
1242 4479 1290 4543 243

119 4548 189 4616 1111,
212 4552 273 4602 tet.
292 4547 334 4603 ait
351 4549 487 4616 quosdam
505 4547 619 4602 tradere
635 4546 680 4602 in-
728 4561 754 4597 c.
774 4549 821 4612 lt,
839 4545 852 4612 l
873 4548 897 4598 1.
