2950 4992
633 139 769 210 CAPUT
791 143 844 208 iv.
1288 165 1341 211 nn

87 316 121 362 et
144 311 312 366 conrad.
332 313 553 366 Heresbsob.
588 313 662 366 idem
681 313 730 366 ille
747 313 926 367 Funcelus
944 313 973 380 (i
990 313 1122 377 xxixas
1140 315 1267 382 „vem-
1285 329 1339 370 sus

86 401 249 467 tempore,
270 401 375 464 inquit,
394 414 451 450 nou
470 399 599 464 vulgaris
617 401 786 452 eruditionis
803 403 879 452 tuma
893 401 1028 453 illustrem
1047 407 1077 452 et
1093 415 1195 467 magns
1212 404 1339 455 suetoni-

85 486 154 532 tate
177 484 281 535 fuisse
302 487 347 535 vel
366 486 429 535 inde
447 489 539 547 patet,
568 487 641 547 quod
658 478 772 539 nutui
789 489 917 538 Festus
935 486 1092 537 Avienus
1168 488 1277 550 etipse
1293 487 1339 540 vir

84 569 273 620 consularis
294 569 548 621 eruditissimorum
564 571 631 620 nulli
650 575 792 623 secundus
808 573 967 636 Aesopicas
984 572 1027 621 illl
1044 585 1113 624 suas
1129 572 1276 637 inscripsit
1292 574 1339 625 is·

84 655 202 718 bellas,
224 669 348 718 quarum
366 656 511 718 prooemio
531 655 675 706 interulis
692 659 727 707 ad
747 657 977 709 Theodosium
998 657 1148 721 (videlicet
1165 658 1338 710 Macroblum

84 741 272 806 nostrum:
291 776 309 807 ,‚
318 742 419 808 ,,01111,
438 741 546 805 scribit,
560 744 650 791 tecum
670 743 703 792 de
719 745 859 808 oratione,
876 742 939 806 quis
955 743 990 793 de
1009 746 1138 805 poemate
1153 738 1338 805 toqueretur?

85 838 179 886 quum
203 827 238 876 in
259 833 383 888 utroque
403 826 544 876 literarum
562 839 666 890 genere
686 831 715 877 et
732 829 844 879 Atticus
863 829 976 878 Graeca
993 829 1153 880 eruditione
1170 840 1289 889 superes
1316 849 1329 894 q

84 911 269 961 Latinitate
287 909 459 962 11111111111111.α
467 911 485 940 “
521 910 665 963 Caelius
683 913 901 977 libodiginus
924 915 1021 974 [lieet.
1039 917 1098 965 snt.
1121 917 1141 964 t.
1157 914 1232 966 xlv.
1250 927 1275 965 c.
1290 917 1313 965 b.

85 1029 106 1060 ,‚
114 1002 305 1061 „auctorem
322 996 585 1048 excellentissimum
599 1002 627 1047 et
642 997 729 1049 virum
746 999 990 1050 reconditissima
1006 999 1190 1051 scientise““
1202 999 1335 1054 nominat.

86 1083 151 1130 Sed
169 1083 370 1143 patrocinium
388 1085 472 1147 louge
490 1083 635 1134 marimum
653 1082 708 1134 sibi
723 1095 742 1133 a
758 1084 804 1135 lo.
820 1085 970 1136 ilenrico
983 1087 1159 1138 boecleru
1176 1119 1203 1137 ..
1220 1085 1339 1148 promit

86 1168 161 1215 tere
183 1171 298 1228 potest.
334 1171 427 1221 verba
449 1170 641 1232 (biblogrnpb.
664 1170 726 1220 crit.
747 1185 775 1232 p.
794 1170 853 1235 bb.)
876 1171 1001 1222 dabimus
1019 1172 1145 1235 integra:
1176 1173 1338 1236 „‚‚Maero·

87 1251 163 1300 bius
189 1252 305 1318 inquit,
332 1257 413 1305 valde
437 1255 625 1305 contemnitur
645 1267 664 1305 a
687 1254 832 1306 luviano
851 1256 1015 1306 Pontauo
1039 1255 1069 1306 ln
1085 1257 1210 1307 Antonio
1230 1271 1283 1308 suo
1307 1262 1337 1308 et

88 1337 306 1400 scaligero
330 1339 358 1390 in
382 1341 525 1392 Poeticis:
554 1340 773 1392 luculentissimi
798 1346 890 1391 tamen
915 1343 982 1390 sunt
1007 1339 1069 1392 elus
1092 1339 1288 1393 commentarii
1307 1342 1337 1394 ln

91 1423 253 1474 Somnium
276 1424 427 1487 Scipionis.
461 1427 520 1476 Neu
544 1425 635 1476 minus
656 1423 847 1477 difficillimum
866 1439 938 1488 opus
955 1428 1003 1476 est
1018 1437 1176 1489 eggressus
1192 1426 1223 1477 in
1238 1429 1339 1479 Satur·

90 1508 232 1576 malibus,
251 1523 334 1574 quae,
353 1511 407 1560 etsi
423 1524 479 1562 nou
496 1510 599 1572 ubique
615 1514 717 1560 exacte
734 1513 878 1577 tractarit,
897 1510 1007 1574 magnis
1023 1513 1115 1562 tanen
1132 1511 1239 1562 excidit
1257 1512 1338 1562 susis

92 1597 125 1642 et
145 1593 229 1644 viam
250 1595 419 1646 monstravit
437 1595 501 1646 aliis
520 1594 641 1646 ulterius
659 1595 693 1646 de
712 1607 748 1644 eo
768 1596 926 1646 meditandi:
959 1595 1109 1659 ntpsius
1129 1599 1208 1647 certe
1224 1596 1278 1648 luit
1293 1597 1338 1647 ln·

91 1682 142 1728 ter
163 1680 293 1743 eosqui
318 1693 379 1732 cum
401 1681 484 1730 valde
509 1678 715 1731 aestiment.““
749 1682 787 1730 lit
805 1693 868 1732 eum
884 1693 970 1744 porro
987 1681 1085 1732 laudat
1103 1681 1207 1732 decore
1224 1685 1255 1732 et
1272 1693 1337 1744 per-

90 1765 206 1826 spicue
224 1765 417 1828 loquentem.“
450 1766 525 1816 iden
544 1764 572 1830 (i
590 1766 721 1825 xxiiii:
738 1765 873 1830 „Stilum,
888 1766 991 1833 inquit,
1009 1766 1148 1818 Macrobii
1165 1766 1209 1816 lo.
1224 1765 1337 1817 saris·

93 1850 293 1900 heriensis
317 1850 436 1915 (Polior.
459 1849 693 1916 avulsio.)
720 1852 803 1902 ualde
827 1850 995 1914 admiratur,
1022 1854 1053 1902 et
1074 1851 1147 1902 sstls
1170 1852 1335 1915 praedicare

93 1936 217 2000 nequit.
303 1937 420 1988 scilicet
436 1951 488 2000 pro
505 1935 617 2001 ingenio
636 1937 755 2000 quisque
770 1949 824 1988 sno
841 1937 957 1988 iudicat.
990 1939 1028 1987 lit
1044 1937 1091 2001 qul
1107 1949 1203 1989 veram
1218 1937 1335 2002 linguse

95 2035 165 2074 cum
186 2021 361 2085 elegantiam
386 2027 442 2074 tum
465 2023 638 2074 maiestatem
658 2036 714 2074 nou
734 2023 865 2090 capiunt,
893 2023 997 2075 sordes
1015 2027 1044 2074 et
1060 2024 1187 2076 maculas
1204 2035 1255 2085 pro
1274 2022 1335 2074 nir-

96 2109 219 2160 tutibus
243 2109 443 2159 commendant.
478 2109 630 2159 limunctae
654 2107 733 2160 usrls
758 2109 876 2160 criticus
895 2112 979 2172 [lies.
995 2111 1147 2170 Erasmus]
1169 2108 1213 2159 lre
1236 2108 1335 2159 maluit

97 2193 129 2246 iu
160 2195 225 2245 alia
251 2194 357 2245 omnis:
388 2193 434 2244 cul
458 2195 621 2247 Macrobius
649 2195 792 2246 curiorum
815 2194 927 2247 videtur
948 2199 1103 2246 conterere
1128 2198 1275 2244 centones.

98 2280 206 2330 Facile
225 2279 327 2342 ubique
345 2282 535 2343 deprehendes
554 2281 648 2331 stilum
668 2280 730 2331 eius
750 2291 817 2330 esse
835 2280 946 2330 minime
963 2279 1085 2343 cultum,
1110 2280 1141 2328 et
1161 2279 1285 2341 varium,
1303 2283 1335 2329 ut

99 2366 202 2416 aliena
221 2367 311 2430 magis
330 2379 409 2428 quam
433 2378 486 2416 sua
505 2367 605 2430 tradit,
638 2369 668 2415 et
690 2378 752 2415 cum
771 2365 857 2415 rebus
874 2363 945 2426 ipsis
963 2365 1088 2412 veterum
1104 2375 1215 2425 quoqne
1231 2363 1335 2413 dictio-

101 2464 167 2502 nem
188 2453 345 2515 exprimere
363 2451 467 2500 studet.
501 2453 598 2512 Neque
613 2449 685 2498 adeo
705 2447 799 2498 omnia
815 2460 866 2509 pru
881 2447 993 2498 ratione
1012 2447 1104 2496 seculi
1124 2447 1253 2498 videntur
1267 2461 1334 2499 esse

101 2535 272 2600 inepta.
308 2537 372 2596 lpse
393 2534 556 2584 Macrobius
579 2535 685 2584 fatetur
703 2532 732 2582 ln
755 2543 885 2581 sermone
908 2544 963 2581 sno
983 2531 1106 2582 ustivam
1128 2534 1247 2584 Rotnani
1274 2533 1333 2586 oris

103 2621 266 2684 desiderari
284 2617 454 2680 elegantiam
545 2617 743 2666 Hadrianus
767 2627 837 2664 vero
861 2615 1021 2668 Gardiualis
1044 2618 1093 2683 (de
1116 2630 1199 2669 serm.
1218 2621 1283 2671 isat.
1305 2633 1332 2683 p.

101 2705 166 2767 11.)
183 2703 238 2754 sibi
255 2703 407 2764 persuadet
427 2704 551 2762 tempora
566 2715 619 2752 sua
637 2703 689 2752 bae
706 2701 918 2762 imperfectione
934 2702 1042 2754 iniecta
1057 2705 1197 2756 laborare.
1280 2708 1333 2757 dt-

103 2793 201 2838 tamen
219 2785 419 2850 grammaticus
436 2789 535 2836 noster
550 2787 610 2838 suis
631 2786 708 2837 libris
732 2787 837 2849 passim
855 2787 964 2849 profert
984 2801 1056 2852 quae
1072 2788 1253 2854 philologiam
1271 2792 1331 2842 ilo-

107 2885 218 2922 manam
234 2873 392 2933 illustrant,
421 2873 544 2934 quamvis
562 2874 676 2924 uberior
694 2873 733 2922 sit
751 2886 844 2924 rerum
862 2874 1114 2936 pbilosupbtcarum
1131 2875 1161 2925 et
1178 2876 1332 2940 untiquita-

107 2961 166 3007 tum
189 2957 218 3008 iu
241 2957 301 3007 illis
324 2969 409 3020 seges
431 2962 516 3020 atque
535 2961 605 3010 adeo
628 2959 796 3010 ertiditionis
820 2961 985 3023 omnigenae
1011 2960 1083 3012 baud
1105 2973 1243 3024 qusquam
1260 2973 1331 3012 eon-

107 3043 257 3092 temnenda
280 3040 415 3095 messis.“
454 3042 555 3094 ibidem
579 3049 812 3096 commemoratur
831 3046 1046 3096 Laurentius
1070 3046 1183 3112 Valla,
1213 3045 1260 3109 qul
1285 3047 1335 3111 (111·

105 3141 221 3178 errores
238 3121 353 3178 Antonii
376 3129 534 3180 Raudeusis
555 3136 679 3184 annotat.
697 3147 723 3194 p.
743 3131 785 3180 tu.
803 3131 839 3181 al.
858 3132 948 3194 mli
979 3131 1071 3196 „Quid
1089 3135 1135 3182 est
1151 3136 1259 3196 auten,
1285 3131 1331 3182 ln-

106 3213 175 3280 quit,
192 3225 243 3263 cur
261 3225 348 3263 meum
365 3220 543 3277 praeceptum
558 3221 706 3280 tantopere
724 3210 874 3269 derideas?
891 3217 955 3280 quin
965 3217 1129 3268 Macrobius
1146 3218 1232 3269 aliter
1244 3231 1330 3271 usur·

107 3292 172 3360 part
195 3301 274 3349 Esto.
311 3300 381 3358 Quid
396 3301 498 3350 cicero
512 3302 767 3368 Quintianusque,
785 3293 856 3366 quos
871 3303 998 3367 inprimis
1013 3303 1163 3352 imitandos
1181 3298 1330 3366 propono?

1 3420 4 3435 ,.
108 3385 285 3446 Usurpantue
303 3389 332 3434 et
348 3385 403 3447 ipsi
423 3386 521 3451 aliter,
549 3400 585 3436 au
607 3380 683 3437 nou?
718 3387 749 3437 si
768 3396 921 3454 usurpant,
952 3395 1003 3439 cur
1023 3399 1080 3437 nou
1099 3399 1196 3437 eorum
1215 3389 1328 3448 profers

1 3454 2 3500 i
105 3470 200 3531 potius
213 3463 360 3531 exemplat
379 3469 449 3529 Quid
458 3471 630 3522 Marruuium
647 3485 741 3536 uuum,
757 3475 896 3526 doctum
916 3473 1051 3538 quidem
1068 3471 1177 3522 virum
1196 3473 1257 3522 sed
1272 3486 1329 3524 ne-

105 3567 271 3619 quaquam
288 3567 329 3603 ex
344 3555 607 3620 eloquentibus,
625 3557 688 3608 mibi
706 3553 846 3610 obiicisW
876 3553 947 3611 uon
962 3563 1052 3610 tamen
1070 3556 1234 3610 existimare
1250 3561 1328 3610 lisu-

103 3641 224 3691 reutium
246 3642 404 3692 obtrectare
426 3642 589 3703 Macrobio‚
619 3655 681 3692 uam
706 3644 764 3694 alio
786 3646 853 3696 ioco
878 3647 1022 3710 (alerent.
1038 3645 1085 3695 lib.
1105 3645 1126 3694 l.
1144 3657 1172 3708 p.
1189 3642 1247 3711 lb.)
1264 3657 1327 3696 cum

103 3725 174 3777 dicit
199 3726 500 3791 „curiosissimum
530 3725 564 3776 iu
593 3727 772 3790 loquendo
802 3736 837 3782 et
865 3730 1177 3782 reconditissimae
1208 3731 1327 3783 scien-

104 3810 207 3863 tiae“.
242 3812 334 3878 Adde,
362 3823 433 3875 quos
453 3811 523 3860 citat
538 3811 704 3864 Tuomusius
727 3815 747 3864 1.
763 3827 804 3880 c.‚
830 3817 875 3866 lo.
893 3815 1102 3868 laudunicam
1118 3816 1250 3876 Vivam,
1279 3814 1328 3876 qui

104 3898 239 3962 (praelat.
260 3895 383 3960 Vigiliae
403 3895 433 3944 iu
456 3897 548 3945 sumn.
570 3896 659 3962 scip.;
689 3899 799 3962 inspice
820 3901 903 3952 etium
922 3903 970 3952 lib.
993 3903 1041 3952 ili.
1064 3903 1098 3952 de
1120 3901 1191 3949 trad.
1215 3897 1325 3957 discipl.

102 3998 130 4046 p.
148 3996 182 4032 m.
202 3980 366 4046 12132611
383 3982 579 4046 „Macrobius
597 3983 695 4051 iuquit,
714 3986 767 4036 vir
784 3987 1058 4050 eruditissimus,
1077 3980 1187 4035 etiamsi
1206 3985 1235 4030 et
1249 3981 1325 4032 aliud

103 4069 131 4118 ln
152 4069 213 4118 tota
231 4077 286 4116 nou
306 4065 415 4132 egisset
433 4065 501 4130 vita,
516 4067 545 4118 in
564 4083 618 4132 qua
634 4083 736 4122 revera
753 4083 805 4133 pro
821 4071 896 4122 virili
911 4085 965 4122 sua
978 4069 1135 4120 litterariae
1152 4065 1324 4126 reipublicae

104 4156 174 4205 bene
198 4153 352 4204 laboravit:
383 4153 432 4202 scd
457 4153 483 4202 si
506 4154 581 4204 aliud
605 4160 754 4218 praeterea
779 4171 836 4208 nou
858 4157 968 4218 egisset
993 4153 1073 4214 quam
1099 4163 1218 4202 servare
1241 4153 1323 4204 uubis

103 4239 174 4288 hunc
192 4238 282 4288 omnis
298 4239 464 4289 eruditionis
482 4241 657 4305 thesaurum,
683 4242 786 4304 optime
804 4242 838 4290 de
854 4240 956 4289 studiis
975 4237 1102 4286 omuibus
1120 4236 1223 4286 luisset
1238 4241 1323 4291 merl·

104 4320 184 4389 tus“,
212 4326 241 4372 et
258 4323 458 4375 Reiuesium
477 4324 524 4387 qui
543 4323 640 4387 (epist.
658 4327 692 4374 ad
712 4327 828 4385 Rupert.
844 4337 872 4386 p.
892 4321 981 4384 mli
1010 4321 1072 4384 „lle
1089 4323 1251 4390 merobis,
1279 4325 1324 4376 in·

104 4407 177 4473 quit,
205 4409 331 4471 quoniam
349 4411 495 4472 xylander
514 4409 585 4458 adeo
611 4409 719 4470 sprevit
740 4408 842 4472 virum,
874 4406 954 4457 cuius
977 4407 1068 4458 tamen
1092 4409 1158 4462 nibil
1180 4412 1322 4476 cognitum

103 4491 232 4543 babuisse
250 4493 373 4560 videtur,
395 4497 448 4545 boc
468 4493 553 4545 ettam
570 4493 675 4566 dicam,
700 4491 813 4543 luisse
832 4491 923 4544 inter
939 4493 1069 4546 aetatis
1087 4508 1172 4548 suae
1190 4496 1322 4546 doetis-

105 4575 212 4627 simus
256 4578 332 4630 sine
374 4576 625 4633 controversia
663 4577 824 4633 eximium
862 4579 1060 4644 quendam
1092 4608 1128 4622 ·-
1166 4581 1331 4649 Praeterea,

1374 4661 1414 4675 r·-
