2950 4992
247 168 312 236 256
732 165 941 235 Mauaouu

250 340 432 411 meabimus:
471 337 516 403 sio
542 341 575 403 et
603 354 689 401 amor
712 358 867 414 αππιαν,
905 335 1032 402 mator
1058 336 1251 415 σεασίσπατ,
1300 340 1457 404 amabor

203 426 427 499 lamminae
473 425 511 488 ln
543 420 668 489 Graecis
699 420 801 489 verbis
831 420 966 487 secunda
995 442 1125 506 persona
1158 423 1291 507 pluralis
1339 426 1456 489 activa

251 532 345 580 unam
368 508 495 576 ultimae
517 506 650 593 syllabae
671 526 746 573 suae
767 506 886 572 literam
914 508 945 570 T
961 508 1114 573 mutatio
1138 506 1244 571 Σκαί
1268 511 1317 588 Θ,
1351 519 1395 575 et
1421 511 1453 574 fit

253 595 385 687 passiva,
404 597 524 659 ποιεῖτε
543 596 704 671 ποιεῖσθε,
723 588 865 678 γράφετε
884 587 1069 677 potorem.-
1107 593 1188 679 quod
1210 615 1274 658 non
1301 596 1451 660 mireris

202 683 307 771 [msyin
327 678 497 767 praeteritis
518 675 661 764 perfectis
681 699 745 743 non
766 677 905 754 evenire,
938 697 1009 743 oum
1031 674 1220 761 πεποιήκατε
1242 678 1450 765 πεποιήκα-

252 773 313 832 σθε
335 787 398 831 non
418 762 508 829 laniat
536 762 590 828 sed
610 762 803 847 πεποίησθε,
843 782 900 827 neo
918 758 1069 827 λελύκατε
1090 759 1272 828 λελύκασθε
1292 766 1369 830 sed
1396 762 1447 829 λε’-

251 856 368 931 λνσθε,
409 870 467 915 neo
486 843 672 931 πεφράκατε
697 866 764 933 πεφ
798 843 910 911 'sadda
932 847 986 913 sed
1008 843 1196 933 πέφρασθε,
1235 857 1270 914 et
1299 851 1446 916 similia.

204 939 321 1009 lautia
343 934 426 1001 enim
445 933 549 1019 regula
569 932 617 998 bis
636 934 769 1020 tempori
791 954 828 999 us
848 932 991 1011 obviavit,
1012 934 1100 1000 cuius
1120 933 1286 1020 imperium
1314 946 1388 1015 est,
1411 946 1445 1001 ut

251 1022 355 1089 omnia
369 1019 461 1086 rerba
474 1038 606 1104 quorum
640 1018 717 1083 mma
729 1038 861 1105 persona
880 1017 912 1082 in
928 1020 990 1082 ΘΑ
1006 1018 1070 1083 exit
1088 1019 1252 1085 secundam
1267 1021 1443 1087 minorem

252 1106 366 1194 syllaba
393 1102 559 1191 proferant
611 1038 739 1203 dierpo
760 1103 884 1169 lecisset
904 1100 1140 1186 semiputata,
1179 1105 1358 1191 perforet
1383 1130 1441 1173 nu·

251 1211 356 1259 merus
375 1189 559 1277 syllabarum
579 1209 649 1255 oum
672 1210 769 1275 pnma
789 1184 1002 1272 πεποιήμεθα,
1023 1189 1049 1253 εἰ
1067 1186 1257 1270 λελύπασθε,
1280 1212 1368 1257 eum
1391 1198 1439 1257 λε-

251 1272 387 1359 λύμεθα,
410 1274 436 1341 si
457 1270 687 1359 πεφράιιασθε,
720 1294 790 1339 cum
812 1270 1018 1359 πεφρέμεθα.
1059 1273 1134 1341 Ideo
1160 1277 1350 1343 necessario
1376 1280 1436 1365 syl·

204 1362 320 1433 ldlaba
340 1359 440 1427 media
460 1360 613 1426 subtracta
632 1358 761 1435 resedit,
780 1359 959 1444 πεποίησθε
977 1355 1115 1424 λέλυσθε
1133 1356 1326 1446 πέφρασθε.
1379 1365 1435 1431 Ge·

251 1456 353 1515 terum
381 1450 499 1511 ποιεῖτε
518 1449 680 1525 ποιεῖσθε,
716 1440 822 1527 λέγετε
840 1441 973 1527 λέγεσθε
1000 1444 1095 1529 priori
1119 1447 1243 1531 regulae
1273 1448 1433 1536 obsequi·

251 1540 317 1609 tur,
339 1534 412 1618 quia
432 1552 493 1596 non
514 1536 665 1617 repugnat
684 1529 841 1616 sequenti:
869 1524 1156 1612 ποιούμεθασοπη
1181 1537 1359 1615 ποιεῖσθε,
1384 1540 1432 1599 λε·

203 1621 243 1688 15
251 1616 376 1703 γόμεθα
396 1611 538 1699 λέγεσθε.
580 1618 617 1681 In
637 1614 738 1681 verbis
759 1614 886 1700 passivis
906 1616 953 1681 rel
973 1615 1093 1701 passivo
1111 1616 1264 1683 similibus
1287 1641 1430 1705 persona

250 1704 341 1770 tertia
369 1701 531 1787 singularis
556 1700 660 1767 addito
682 1701 722 1764 N
745 1708 816 1766 ante
847 1703 879 1765 T
903 1722 973 1767 oum
1005 1700 1121 1786 primae
1148 1723 1302 1788 personae
1331 1728 1427 1791 paen-

250 1789 360 1854 ultima
382 1787 503 1852 tertiam
525 1785 674 1873 pluralem
696 1784 777 1864 lacit,
798 1780 923 1867 λέγεται
941 1782 1100 1868 λέγονται,
1123 1792 1265 1852 ποιεῖται
1285 1794 1425 1857 ποῖοῦν-

250 1894 314 1950 ται,
334 1871 503 1955 πεποίηται
524 1871 724 1955 πεποίηνται,
746 1870 853 1955 εἴρητο
872 1871 1010 1956 ε’ίρηντο,
1031 1867 1154 1955 ἐλέγετο
1177 1869 1346 1956 ἐλέγοντο,
1369 1874 1424 1942 ἐὰν

203 1954 376 2038 Ιίίλέγεται
397 1950 455 2019 ἐὰν
476 1951 648 2039 λέγωνται,
685 1956 713 2020 εί
734 1952 859 2040 λέγοιτο
881 1957 911 2019 εί
929 1953 1085 2040 λέγοιντο.
1140 1958 1229 2024 Unde
1253 1960 1307 2025 illa
1334 1984 1422 2047 prae

250 2041 340 2107 terita
360 2037 493 2124 perfecta
511 2060 590 2125 quae
609 2040 657 2105 bis
678 2039 775 2105 literis
794 2041 827 2106 in
848 2040 951 2107 medio
971 2048 1113 2107 contexta
1134 2051 1222 2120 sunt,
1246 2046 1338 2111 utin
1361 2057 1421 2115 ter·
1455 2115 1457 2122 ,

249 2126 293 2227 tia
313 2144 443 2212 persona
465 2123 637 2223 pluralilll
655 2144 718 2188 non
740 2125 837 2209 possit
855 2126 993 2213 adiungi,
1034 2126 1182 2193 advocant
1199 2128 1265 2227 'sibi
1293 2135 1421 2216 partiei·
1455 2128 1457 2284 Ι

250 2234 334 2365 llas
353 2206 518 2380 ἒέζέῗλι
533 2210 758 2377 little?
773 2211 1012 2382 ledda&
1032 2233 1099 2361 lli-‚¹
1115 2220 1421 2372 lllltllelt

251 2391 299 2448 est
318 2376 495 2464 τετιλμένοι
515 2380 615 2447 elale:
652 2375 832 2465 pipponem
852 2381 1006 2460 similiter,
1043 2384 1117 2469 quia
1143 2383 1219 2447 inter
1243 2384 1284 2443 Π
1298 2386 1366 2448 καί
1393 2392 1423 2453 Τ

251 2490 314 2533 non
334 2468 514 2534 admittebat
533 2469 582 2547 N,
618 2461 835 2551 γεγραμμένοι
854 2465 956 2533 είσίν.·
995 2475 1027 2533 et
1046 2464 1193 2532 τέτυπται
1217 2466 1419 2551 τετυμμένοι

203 2553 344 2633 laetate,
366 2550 579 2639 ἐσφράγισται
601 2548 856 2636 ἐσφραγισμένοι
876 2551 960 2617 elale
979 2561 1011 2617 et
1030 2552 1151 2620 similia.
1193 2550 1294 2618 Omne
1314 2554 1415 2625 Grae·

251 2660 321 2705 oum
345 2639 472 2705 verbum
495 2637 692 2703 indicativum
713 2638 934 2723 cuiuscumque
959 2638 1079 2723 generis
1109 2638 1140 2701 in
1165 2636 1262 2721 prima
1284 2640 1333 2705 sui
1362 2665 1413 2729 po·

251 2723 362 2791 sitione
383 2730 437 2787 aut
458 2723 489 2787 in
512 2725 547 2786 db
571 2722 697 2798 euitat
717 2723 806 2786 λαλῶ
825 2723 963 2801 πλουτῶ,
989 2724 1094 2788 autin
1117 2725 1220 2801 MAI,
1242 2730 1279 2788 ut
1298 2729 1411 2793 λαλοιλ

201 2823 332 2893 [arsypon
351 2802 524 2889 βούλομαι,
547 2814 600 2872 aut
622 2806 654 2871 in
674 2808 750 2886 MI,
770 2815 807 2873 ut
828 2806 912 2891 φημὶ
931 2808 1064 2891 τίθημιε
1093 2806 1164 2871 licet
1186 2808 1269 2873 etin
1293 2814 1326 2873 A
1347 2835 1409 2879 esse

251 2889 407 2968 credatur,
433 2893 505 2976 quia
527 2887 686 2977 έγρήγορα
707 2892 848 2958 nonnulli
870 2893 936 2959 ausi
956 2900 1029 2958 sunt
1048 2892 1182 2979 primum
1201 2892 1307 2961 tbema
1328 2899 1408 2963 verbi

203 2973 459 3063 18pronuntiare.
501 2977 593 3061 Apud
614 2976 747 3042 Graecos
767 2980 802 3041 Ω
823 2998 885 3042 non
905 2978 1003 3044 solum
1025 2978 1058 3043 in
1079 2978 1180 3044 verbis
1202 2978 1255 3043 sed
1276 2980 1406 3047 inomni

273 3070 338 3127 arte
358 3059 505 3127 orationis
526 3061 613 3127 litera
635 3069 683 3126 est
707 3061 887 3128 naturaliter
908 3064 1012 3149 longa:
1046 3063 1226 3128 Latinorum
1247 3066 1405 3134 verborum

250 3084 342 3211 duale
363 3146 391 3212 0
415 3152 488 3212 suat
512 3145 565 3233 qui
587 3145 712 3233 longum
736 3148 913 3229 aestiment,
954 3155 1028 3216 sunt
1054 3148 1108 3235 qui
1131 3148 1225 3215 breve
1251 3149 1405 3219 diffiniant

317 3316 370 3369 Με.
391 3316 438 3381 Ρ.]

251 3404 291 3453 12.
329 3401 530 3455 HOIEITAI
551 3400 583 3453 P.
735 3404 776 3453 13.
810 3400 964 3453 secesseris
989 3401 1068 3468 ps-b.
1219 3404 1262 3453 14.
1295 3404 1405 3458 ΛΕΓΕ

255 3466 446 3531 θΘΑΙῌεὶε)
462 3470 493 3521 Ρ.
634 3470 676 3521 lll.
709 3470 1253 3537 perrosuseesndspluralisEde’.
1288 3470 1404 3527 Zennius

250 3535 323 3586 eoni.
341 3540 427 3589 tertie.
449 3564 476 3575 -
498 3534 581 3589 EAN
592 3532 807 3589 AEI'ONTAI
821 3536 850 3587 Ρ.
1004 3540 1044 3587 la.
1083 3537 1244 3590 ΤΕΤΕῙΛ
1253 3538 1308 3589 ΤΕ
1327 3540 1358 3593 Ρ,
1374 3571 1404 3583 .-

249 3599 307 3652 είσί
320 3601 390 3653 Edd.
404 3628 440 3645 -·
456 3606 668 3657 admittebantur
685 3608 754 3665 (om.
769 3602 818 3665 Ν)
837 3603 868 3656 Ρ.
884 3630 919 3643 -
937 3602 994 3657 εἰσί
1006 3603 1077 3656 Edd.
1093 3629 1127 3644 -
1147 3604 1403 3661 ΤΕΤΕΤΥΠΤΕ

250 3673 318 3729 (σπι.
336 3674 374 3728 et)
391 3669 422 3721 P.
457 3666 647 3725 εῖστέτνππαι
669 3670 738 3723 Εθσ.

286 3822 327 3871 1³.
362 3820 571 3889 quoramprr'mo
584 3836 698 3889 persons
712 3820 742 3872 ιἰε
759 3818 807 3873 ΘΛ
855 3819 1006 3887 legendnm
1030 3837 1093 3874 esso
1119 3826 1197 3890 patet
1219 3838 1253 3875 ex
1274 3826 1402 3894 exemplis

251 3888 315 3955 eall]
337 3889 440 3941 Immo:
463 3906 571 3957 puerum
586 3890 673 3956 prims
713 3904 807 3940 ersona
855 3889 1046 3955 sequentibus.

249 3958 393 4026 pluralis
410 3958 439 4009 τίι
458 3954 569 4009 Maus
586 3956 648 4007 exit.
708 3955 806 4021 119.
890 3961 931 4008 16.
951 3974 1008 4009 oum
1019 3954 1402 4028 nesfinalr'eesepoetldpyldu

286 4028 325 4078 14.
352 4028 424 4109 ’γαῖα
444 4043 497 4078 ποτε
520 4030 655 4107 repugnat
677 4024 807 4105 sequente]
854 4040 902 4075 see
919 4025 1033 4107 inelpere
1049 4032 1111 4077 sote
1126 4025 1180 4076 ταῦ
1192 4027 1240 4090 fos
1257 4027 1320 4094 erat]
1342 4029 1361 4078 i.
1378 4047 1401 4080 e.

249 4109 398 4214 :lutat
419 4092 528 4213 stall
558 4091 806 4229 adtulit
854 4091 1271 4227 {lllladld‘l‘tlt‘
1284 4093 1402 4229 λέλλὲ

248 4234 305 4293 ost,
327 4246 398 4295 qaae
419 4228 595 4297 exponitur§
612 4231 666 4293 12,
696 4242 805 4296 repuens
855 4232 1015 4293 sequentem
1037 4233 1101 4279 snte
1123 4227 1156 4279 T.
1198 4228 1289 4279 staats·
1307 4246 1359 4283 esse
1376 4268 1400 4283 ..
1453 4238 1457 4282 l

179 4326 180 4329 =
248 4313 320 4363 quas
338 4299 351 4361 5
371 4302 411 4348 18.
848 4294 1059 4360 suserstidem
1079 4295 1203 4347 valetus
1213 4296 1399 4361 finuliesse..

281 4360 439 4429 ποιούμεθα
467 4366 536 4417 enim
563 4362 697 4431 ποιεῖσθε]
732 4360 770 4414 Su
792 4386 805 4399 ·
853 4362 879 4414 ei
895 4362 1002 4425 licebat,
1032 4361 1185 4429 eademque
1201 4363 1341 4415 verborum
1358 4373 1399 4418 est

247 4428 380 4553 plendum
416 4448 478 4485 esse
511 4431 622 4484 videtur·
645 4431 725 4497 sarit.
762 4378 805 4481 di.
853 4433 1004 4481 structura.

278 4496 318 4542 15.
888 4497 931 4548 18.
966 4496 1121 4549 botisoross
1136 4498 1269 4549 σετθοτνπε
1278 4498 1396 4562 smoleO

284 4558 325 4607 1⁵.
356 4576 470 4625 persone
487 4564 568 4619 tortio
584 4562 741 4633 singularis]
755 4560 805 4614 Sis
851 4562 918 4629 ste-J
936 4561 979 4616 (li.
997 4563 1033 4617 ds
1048 4564 1135 4617 verbo
1151 4579 1176 4616 σ.
1193 4566 1221 4628 2,
1239 4562 1254 4629 i
1271 4567 1296 4615 θ.
