2950 4992
212 165 256 231 96
689 159 898 228 uncnouu

212 353 298 402 mum
319 338 422 399 entem
443 328 583 395 omnium
603 329 679 394 caeli
700 349 812 414 corpus
833 330 935 396 anima
956 329 1101 398 fabricata
1119 334 1178 399 sit:
1195 337 1262 401 sine
1282 336 1376 403 dubio

211 422 243 486 in
271 439 383 504 corpus
410 417 469 480 hoc
496 413 629 499 primum
661 435 700 478 ex
730 415 919 501 incorporeis
953 425 1054 482 motus
1084 427 1194 484 natura
1225 423 1376 508 migravit,

211 506 299 571 ouius
321 503 367 569 ris
392 502 509 583 integra
530 505 562 562 et
582 497 759 583 incorrupta
782 522 844 565 non
865 500 992 578 deserit,
1014 503 1096 587 quod
1120 505 1254 600 primum
1276 508 1378 593 eoepit

164 598 346 663 lomovere.
393 585 468 649 Ideo
493 603 567 648 vero
594 583 668 648 caeli
695 592 798 649 motus
827 586 997 650 necessario
1026 587 1166 653 volubilis
1195 599 1258 667 est,
1295 592 1377 676 quia,

212 695 282 740 cum
306 691 427 755 semper
449 667 564 734 moveri
586 689 709 733 necesse
736 669 785 745 sit,
803 670 882 734 ultra
904 679 1007 735 antem
1026 671 1110 736 locus
1130 675 1233 739 nullus
1255 675 1295 740 sit
1314 697 1377 774 quo

161 768 248 834 [salse
270 756 377 822 tendat
395 753 536 829 accessio,
555 753 785 818 continuatione
807 763 974 839 perpetuae
996 756 1028 819 in
1051 777 1083 820 se
1103 757 1260 823 reditionis
1283 769 1378 844 agita·

211 853 279 909 tur:
301 861 375 925 ergo
394 840 427 902 in
447 858 509 923 quo
529 845 630 920 potest
652 837 699 902 vel
722 837 816 902 habet
837 840 934 903 currit
955 848 986 904 et
1008 841 1150 906 accedere
1171 843 1237 908 eius
1259 845 1376 911 revolvi

212 937 275 1005 est,
311 925 383 1010 quia
410 922 557 1020 sphaerae
579 922 676 1005 spotia
697 929 730 986 et
755 922 822 987 loca
848 924 1070 1010 conplectentis
1097 928 1200 991 omnia
1222 950 1302 993 unus
1329 939 1378 995 est

212 1032 321 1077 cursus
342 1015 445 1072 rotari.
488 1004 547 1070 Sed
571 1007 667 1070 etsie
687 1007 822 1071 animam
845 1009 933 1093 sequi
955 1031 1077 1094 semper
1097 1012 1226 1090 videtur,
1246 1034 1322 1098 quae
1342 1015 1374 1080 in

164 1104 200 1167 11
213 1098 279 1181 ipsa
300 1091 500 1159 universitate
519 1089 672 1156 discurrit.
723 1092 870 1158 Dicemus
892 1114 981 1178 ergo,
1017 1096 1100 1179 quod
1123 1117 1190 1162 eam
1208 1119 1376 1183 numquam

211 1179 375 1265 repperiet,
397 1176 423 1240 si
440 1196 562 1259 semper
582 1175 662 1240 hanc
682 1177 844 1261 sequitur?
882 1180 981 1242 Immo
1003 1199 1125 1265 semper
1144 1201 1213 1246 eam
1234 1184 1377 1269 repperit,

212 1265 285 1351 quia
304 1263 421 1346 uhique
443 1267 517 1337 tota,
542 1260 658 1345 ubique
678 1260 812 1345 perlecta
833 1270 887 1326 est
931 1263 995 1328 Cur
1017 1284 1099 1348 ergo,
1122 1266 1147 1330 si
1170 1287 1262 1351 quam
1286 1280 1378 1352 quse·-

211 1350 253 1414 rit
270 1346 415 1432 repperit,
437 1365 500 1409 non
520 1345 670 1430 quiescit?
703 1345 784 1424 Quia
802 1353 837 1411 et
859 1346 909 1412 illa
930 1348 1077 1433 requietis
1097 1357 1144 1414 est
1165 1351 1269 1415 inscia.
1312 1353 1379 1418 Sta·

212 1441 260 1499 ret
280 1435 378 1508 enirn,
398 1429 424 1494 si
443 1450 590 1516 umquam
612 1438 744 1495 stantem
769 1432 900 1496 enimam
924 1434 1109 1518 repperiret:
1131 1456 1200 1500 oum
1224 1457 1296 1500 vero
1317 1438 1378 1516 illa,

211 1518 251 1584 ad
277 1517 365 1583 euius
393 1516 599 1601 appetentiam
628 1515 776 1594 trahitur,
817 1537 938 1602 semper
965 1517 996 1580 in
1026 1519 1168 1584 universa
1197 1541 1230 1584 se
1261 1520 1378 1599 fundat,

212 1624 334 1688 semper
354 1608 386 1666 et
407 1620 519 1686 corpus
541 1621 574 1665 se
596 1600 627 1664 in
651 1604 748 1686 ipsam
771 1610 802 1666 et
824 1623 879 1687 per
905 1602 1001 1686 ipsam
1024 1610 1192 1688 retorquet.
1235 1606 1319 1671 Haec
1339 1607 1377 1672 de

211 1689 350 1755 caelestis
372 1685 572 1751 volubilitatis
592 1686 725 1751 archano
746 1708 841 1771 pauca
861 1687 899 1751 de
919 1687 1023 1751 multis
1045 1688 1168 1753 Plotino
1188 1697 1313 1756 auctore
1331 1713 1379 1758 re·

164 1779 299 1872 liperta
324 1770 485 1835 sufficione
535 1769 627 1846 Quod
656 1780 759 1837 autem
786 1772 868 1837 hunc
888 1772 982 1838 istum
1003 1773 1144 1838 rotimum
1161 1775 1293 1858 plebum,
1324 1778 1379 1862 qui

213 1867 255 1922 ita
275 1853 425 1925 volvitur,
445 1872 593 1915 summum
614 1854 702 1918 deum
723 1857 856 1932 vocavit,
880 1878 942 1920 non
966 1857 1007 1921 ita
1030 1858 1239 1943 accipiendum
1261 1868 1323 1939 est,
1343 1870 1381 1928 ut

212 1941 276 2022 ipse
300 1933 398 2017 prima
418 1953 510 1996 eausa
532 1941 564 1996 et
586 1934 662 1999 deus
685 1939 735 2002 ille
757 1940 1075 2022 omnipotentissimus
1093 1944 1285 2009 aestimetur:
1308 1967 1378 2011 cnm

211 2019 326 2105 globus·
343 2016 418 2100 ipse,
439 2016 522 2100 quod
540 2019 657 2084 caelum
680 2029 736 2098 est,
758 2023 877 2086 animae
896 2023 936 2086 sit
957 2022 1078 2101 sabrica,
1096 2027 1197 2091 anima
1216 2050 1254 2092 ex
1275 2040 1380 2097 mente

211 2101 409 2191 processerit,
439 2121 527 2166 mens
549 2122 586 2165 ex
614 2102 687 2180 deo,
717 2106 770 2188 qui
793 2125 864 2169 vere
887 2126 1026 2170 summus
1050 2116 1111 2184 est,
1141 2121 1298 2194 procreata
1312 2115 1379 2183 sit:

162 2189 265 2259 ldsed
286 2208 433 2255 summum
460 2185 584 2273 quidem
606 2186 684 2255 dixit
709 2188 748 2254 ad
774 2195 947 2255 ceterorum
975 2190 1131 2270 ordinem,
1169 2196 1223 2279 qui
1247 2198 1378 2265 subiecti

277 2419 347 2470 Mss-
370 2414 608 2477 testimonum]

208 2507 306 2558 ΜΡ
331 2503 405 2557 Mod.
424 2500 456 2554 N.
475 2500 504 2551 1..
525 2517 552 2566 p.
569 2503 628 2551 183.
650 2528 684 2536 -
706 2500 773 2551 eceli
796 2505 863 2561 (om.
884 2505 992 2568 corpus)
1012 2502 1084 2552 Buri.
1107 2532 1138 2540 —
1162 2511 1234 2556 motu
1256 2506 1334 2566 (edd.
1359 2525 1377 2562 n

209 2591 265 2626 ηρ,
283 2591 320 2624 m.
338 2578 365 2632 a)
384 2569 415 2620 G.
435 2599 470 2608 -
496 2584 598 2620 monem
616 2568 691 2633 (sup.
708 2569 747 2632 ri)
771 2567 801 2619 F.
956 2572 995 2619 10.
1029 2573 1175 2622 necessario
1197 2589 1251 2622 om.
1268 2573 1323 2626 Tu.
1343 2606 1377 2614 —

209 2659 260 2708 quo
278 2640 371 2694 tendat
384 2639 454 2703 (om.
471 2636 512 2702 ae)
529 2635 559 2686 C.
575 2664 610 2672 -
629 2636 682 2685 Sed
699 2636 729 2685 ai
745 2636 860 2686 unimam
878 2632 947 2698 (om.
965 2640 1004 2701 et)
1022 2637 1071 2686 Rs.
1089 2667 1124 2674 —
1139 2656 1225 2705 quom
1243 2640 1301 2709 ipsu
1317 2643 1380 2694 uui-

208 2725 290 2759 oersu
304 2706 335 2755 F.
357 2733 389 2742 -
416 2720 540 2770 semper
557 2703 680 2754 discurrit
695 2701 725 2752 0.
882 2705 920 2754 11.
955 2721 1098 2770 numquam
1116 2722 1175 2756 eam
1191 2707 1243 2758 Rl.
1264 2737 1299 2745 -
1319 2728 1380 2777 qum

209 2780 286 2838 stup,
306 2772 370 2823 add.
393 2772 416 2829 a]
438 2771 533 2834 utique
553 2768 583 2818 0.
606 2797 641 2807 -
667 2771 736 2820 Cum
759 2784 826 2836 ergo
847 2767 878 2819 F.
901 2797 934 2807 -
956 2772 1053 2837 reperit
1073 2789 1153 2838 quum
1170 2776 1274 2838 quaerit
1295 2775 1324 2828 C.
1344 2807 1380 2817 —-

209 2841 314 2906 quietis
331 2837 362 2888 F.
397 2837 493 2905 quieti
510 2835 565 2886 Tu.
587 2865 622 2874 —
644 2839 668 2888 ri
684 2853 810 2904 umquam
833 2835 906 2886 cnr.
940 2838 965 2888 si
981 2855 1100 2906 usquam
1119 2839 1378 2898 Eunmsrcecsssn.

209 2934 243 2942 -
264 2921 365 2972 semper
379 2920 474 2970 corpur
492 2908 561 2962 (om.
580 2910 619 2964 et)
641 2904 735 2954 cneo.
787 2911 811 2955 et
828 2913 922 2970 corpus
938 2921 1039 2972 semper
1057 2907 1109 2956 Re.
1131 2936 1166 2944 —
1185 2925 1212 2959 se
1226 2910 1253 2960 in
1272 2911 1336 2978 ipsu
1353 2922 1380 2966 et

206 2989 256 3041 per
273 2975 338 3041 ipsu
356 2971 387 3021 F.
436 2987 463 3022 ue
478 2971 506 3020 iu
524 2971 610 3036 iprum
631 2979 655 3022 el
673 2973 759 3038 ipsum
781 2975 850 3029 (om.
865 2976 926 3037 per)
944 2972 975 3022 G.
994 3001 1028 3009 —
1048 2980 1156 3040 torquet
1174 2991 1199 3026 v.
1215 3005 1250 3013 —
1267 2980 1379 3032 caelesti

209 3056 236 3091 v.
259 3071 294 3078 -
317 3039 469 3104 suffitiuut
490 3037 541 3087 Rr.
708 3040 750 3088 lu
784 3038 853 3088 huuc
875 3042 944 3098 (om.
966 3039 1060 3098 istum)
1085 3041 1153 3090 1112.
1179 3071 1213 3078 -
1240 3050 1271 3095 ut
1288 3047 1378 3111 primu

209 3113 277 3168 (om.
300 3109 369 3174 ipsc]
389 3107 430 3156 lta
447 3104 484 3167 (G
500 3105 562 3155 edd.
579 3119 595 3155 e
612 3121 666 3155 sce.
682 3105 743 3170 rm).
766 3132 801 3140 —
820 3107 973 3156 aestimetur
994 3104 1052 3156 Fu.
1088 3108 1156 3173 ipre
1174 3111 1304 3161 estimetur
1323 3113 1376 3163 Re.

208 3177 355 3226 estimatur
371 3174 423 3224 Rl.
464 3173 611 3226 estimetur
630 3178 705 3237 (erip.
724 3171 787 3223 add.
807 3172 856 3229 eis)
875 3170 904 3221 C.
945 3173 1127 3224 eristimetur
1145 3176 1286 3228 c-nsrtsn.
1325 3195 1377 3230 eu·

208 3243 360 3295 istimatur
387 3240 414 3294 vi
446 3270 480 3278 -
508 3240 624 3321 globum
648 3241 743 3306 ipsum
766 3238 834 3304 quod
856 3239 956 3289 caelum
979 3247 1017 3292 est
1042 3241 1138 3291 uuimu
1162 3245 1322 3303 fabricavit
1345 3246 1378 3298 0.

311 3312 352 3363 13.
387 3309 455 3362 dixit
472 3310 576 3376 quidem
591 3307 644 3361 R2.
662 3335 696 3344 --
712 3313 885 3358 noctuarum
905 3305 1001 3358 ordine
1020 3311 1094 3374 (scip.
1111 3310 1147 3360 cd
1224 3317 1278 3372 em)
1297 3312 1325 3362 C.
1343 3343 1378 3354 ·-

208 3514 416 3578 adquiescimus,
450 3529 489 3564 ue
517 3511 608 3563 ocimu
718 3509 769 3560 riti
820 3511 896 3558 recte
925 3511 1011 3574 neget
1033 3506 1179 3574 Zumptius
1209 3510 1257 3562 Gr.
1280 3513 1293 3578 t
1316 3515 1377 3566 598.

207 3597 290 3629 eausa
315 3590 400 3632 motui
421 3598 476 3633 esre
497 3581 635 3638 videntum·
672 3582 700 3628 el
727 3577 765 3641 ll,
815 3573 870 3626 Sed
901 3573 1062 3627 Macrobius
1098 3577 1167 3628 dicit
1196 3579 1281 3630 etiam
1317 3580 1377 3634 Sat.

209 3647 255 3705 16,
279 3650 319 3694 19.
342 3664 456 3712 roreque
481 3647 633 3713 ecrrtingul,
656 3663 694 3696 nc
817 3641 881 3706 Vll,
907 3646 953 3708 14,
979 3646 1019 3692 1⁸·
1045 3643 1121 3710 Ergo
1139 3646 1248 3696 videre
1267 3649 1377 3702 oculo-

200 3711 346 3776 frausne
363 3713 409 3774 Vl,
430 3717 454 3774 1,
471 3717 496 3762 5.
510 3714 587 3776 serit,
605 3729 643 3762 uc
661 3713 765 3763 omniuo
816 3726 886 3760 rum
909 3718 946 3762 cot
968 3709 1123 3761 indicere
1152 3714 1317 3777 rationu,-
1347 3721 1378 3767 et

206 3779 331 3830 memoria
358 3787 473 3829 veterum
502 3779 640 3828 deleretur.
685 3778 766 3828 Cete—
816 3775 927 3827 Plinius
949 3775 982 3827 N.
1006 3775 1042 3825 ll.
1066 3775 1147 3840 lllll,
1169 3784 1199 3844 7,
1221 3797 1244 3830 s.
1269 3785 1306 3833 14.
1328 3783 1378 3836 hoo

207 3863 268 3896 rum
301 3844 420 3896 offendit
448 3844 615 3912 gerundium
644 3846 767 3895 uiuendo.
817 3844 945 3896 esicius
964 3843 1104 3905 riccarii
1139 3851 1167 3896 et
1184 3848 1377 3912 proximonu-

205 3913 359 3977 Exspectes
377 3915 443 3975 vitu,
462 3917 494 3961 ut
512 3911 605 3960 Pleut-
623 3912 698 3961 Asin.
712 3911 765 3975 ΠΙ,
817 3911 919 3962 cedunt
943 3908 1108 3976 pronomine
1130 3914 1290 3978 possessive
1313 3918 1378 3968 iun-

204 3984 235 4043 ³,
263 3986 302 4032 19.
326 3999 405 4048 quum
430 3981 453 4032 ri
476 3977 628 4045 intelligam
656 3979 766 4044 deficere
817 3983 861 4028 cte
877 3976 1039 4039 infinitivis,
1057 3983 1088 4027 ut
1105 3981 1179 4044 apud
1200 3983 1376 4036 hlucrohium

203 4051 270 4102 vitu.
307 4049 367 4100 Vid.
386 4054 443 4100 not.
461 4047 496 4099 ed
516 4046 584 4109 1,e‚
603 4049 628 4095 5.
816 4043 873 4097 Sat.
891 4046 942 4106 111,
962 4049 986 4107 1,
1005 4047 1030 4094 4.
1053 4045 1151 4097 Contra
1169 4065 1257 4100 suum
1278 4053 1377 4116 uelle,

816 4119 845 4164 ei
864 4113 936 4178 epud
956 4110 1119 4164 Petronium
1140 4131 1201 4179 cap.
1218 4120 1260 4168 52.
1276 4135 1377 4171 meum

816 4180 1021 4246 intelligere,
1036 4181 1108 4243 quod
1121 4183 1217 4233 attulit
1228 4184 1378 4252 Zumplius

816 4247 835 4297 l.
854 4263 877 4296 o.
912 4245 953 4296 ct.
972 4245 1057 4296 etiem
1078 4263 1149 4312 qnae
1168 4251 1294 4303 ePersio
1310 4270 1378 4306 con-

815 4311 907 4382 gessit
925 4311 958 4362 0.
977 4311 1095 4364 Iahnius
1112 4315 1145 4365 ad
1165 4317 1192 4379 l,
1212 4323 1237 4368 9.

852 4382 891 4428 12.
927 4378 1103 4444 lenocinium]
1123 4380 1256 4435 lto-liceo
1275 4402 1379 4450 prono·

225 4447 360 4516 ‘accedero
382 4451 448 4515 eins]
479 4448 527 4499 Sic
550 4448 690 4499 infinitivo
713 4463 764 4514 ge·
814 4443 891 4496 mina
912 4459 965 4494 uon
988 4451 1065 4494 recte
1088 4446 1168 4516 iungi
1192 4451 1289 4504 docuit
1307 4453 1379 4514 Rei-

204 4505 322 4560 nrtivnm
339 4514 460 4566 subiecti
475 4515 564 4568 latine
581 4515 661 4582 iungi
680 4529 764 4581 posse
814 4511 869 4580 sig.
884 4511 934 4562 lai.
952 4509 1138 4575 Sprachwisu.
1161 4515 1175 4584 ᾗ
1193 4521 1320 4614 211.μρΙ
1337 4547 1351 4586 '.

239 4153 279 4201 10.
315 4151 384 4202 coeli
404 4155 491 4201 motus
517 4145 664 4198 necessario
686 4145 765 4196 eolu-

202 4216 263 4266 hiiis
278 4217 325 4284 est]
350 4218 366 4269 i.
387 4216 538 4271 eraclam
558 4212 718 4267 necessario
737 4212 765 4264 in

206 4284 302 4332 orbern
321 4293 429 4337 rotatur
446 4281 596 4350 sphaerico
615 4291 705 4346 motu,
734 4287 765 4332 ut

206 4347 424 4403 altlllaorohins
444 4351 485 4415 ll,
509 4353 553 4410 14,
569 4353 611 4400 31.
