<?xml version="1.0" encoding="UTF-8"?>
<!DOCTYPE html PUBLIC "-//W3C//DTD XHTML 1.0 Transitional//EN"
    "http://www.w3.org/TR/xhtml1/DTD/xhtml1-transitional.dtd">
<html xmlns="http://www.w3.org/1999/xhtml" xml:lang="en" lang="en">
 <head>
  <title>
</title>
<meta http-equiv="Content-Type" content="text/html;charset=utf-8" />
  <meta name='ocr-system' content='tesseract 3.04.00' />
  <meta name='ocr-capabilities' content='ocr_page ocr_carea ocr_par ocr_line ocrx_word'/>
</head>
<body>
  <div class='ocr_page' id='page_1' title='image "./macrobiiambrosi02jangoog_0339.png"; bbox 0 0 2950 4992; ppageno 0'>
   <div class='ocr_carea' id='block_1_1' title="bbox 253 104 1289 177">
    <p class='ocr_par' dir='ltr' id='par_1_1' title="bbox 253 104 1289 177">
     <span class='ocr_line' id='line_1_1' title="bbox 253 104 1289 177; baseline 0.005 -5"><span class='ocrx_word' id='word_1_1' title='bbox 253 104 391 172; x_wconf 85' lang='lat' dir='ltr'><strong>COMM.</strong></span> <span class='ocrx_word' id='word_1_2' title='bbox 412 105 457 175; x_wconf 88' lang='lat' dir='ltr'><strong>IN</strong></span> <span class='ocrx_word' id='word_1_3' title='bbox 478 104 724 173; x_wconf 82' lang='lat' dir='ltr'><strong>SOMN.SC1P.</strong></span> <span class='ocrx_word' id='word_1_4' title='bbox 766 108 842 173; x_wconf 90' lang='lat' dir='ltr'><strong>LlB.</strong></span> <span class='ocrx_word' id='word_1_5' title='bbox 864 108 902 175; x_wconf 91' lang='lat'><strong>11.</strong></span> <span class='ocrx_word' id='word_1_6' title='bbox 947 108 1035 175; x_wconf 78' lang='lat' dir='ltr'><strong>Gne.</strong></span> <span class='ocrx_word' id='word_1_7' title='bbox 1059 109 1158 175; x_wconf 82' lang='lat' dir='ltr'><strong>xvu.</strong></span> <span class='ocrx_word' id='word_1_8' title='bbox 1225 111 1289 177; x_wconf 78' lang='lat'><strong>215</strong></span> 
     </span>
    </p>
   </div>
   <div class='ocr_carea' id='block_1_2' title="bbox 54 274 1337 1980">
    <p class='ocr_par' dir='ltr' id='par_1_2' title="bbox 117 274 1287 425">
     <span class='ocr_line' id='line_1_2' title="bbox 118 274 1287 365; baseline 0.006 -27"><span class='ocrx_word' id='word_1_9' title='bbox 118 274 296 352; x_wconf 74' lang='lat' dir='ltr'>inhaerent,</span> <span class='ocrx_word' id='word_1_10' title='bbox 319 281 439 361; x_wconf 89' lang='lat' dir='ltr'><strong>quanto</strong></span> <span class='ocrx_word' id='word_1_11' title='bbox 458 274 499 339; x_wconf 91' lang='lat' dir='ltr'><strong>ab</strong></span> <span class='ocrx_word' id='word_1_12' title='bbox 520 274 580 341; x_wconf 89' lang='lat' dir='ltr'><strong>illis</strong></span> <span class='ocrx_word' id='word_1_13' title='bbox 601 276 767 343; x_wconf 85' lang='lat' dir='ltr'><strong>violentius</strong></span> <span class='ocrx_word' id='word_1_14' title='bbox 788 284 985 362; x_wconf 76' lang='lat' dir='ltr'><strong>separantur,</strong></span> <span class='ocrx_word' id='word_1_15' title='bbox 1008 286 1094 343; x_wconf 88' lang='lat' dir='ltr'><strong>tanto</strong></span> <span class='ocrx_word' id='word_1_16' title='bbox 1115 278 1287 365; x_wconf 77' lang='lat' dir='ltr'><strong>ad&#39;supera</strong></span> 
     </span>
     <span class='ocr_line' id='line_1_3' title="bbox 117 360 445 425; baseline -0.003 -1"><span class='ocrx_word' id='word_1_17' title='bbox 117 360 215 424; x_wconf 87' lang='lat' dir='ltr'><strong>serius</strong></span> <span class='ocrx_word' id='word_1_18' title='bbox 239 368 445 425; x_wconf 89' lang='lat' dir='ltr'><strong>revertuntur.</strong></span> 
     </span>
    </p>

    <p class='ocr_par' dir='ltr' id='par_1_3' title="bbox 116 443 1337 701">
     <span class='ocr_line' id='line_1_4' title="bbox 202 443 1337 531; baseline 0.004 -21"><span class='ocrx_word' id='word_1_19' title='bbox 202 445 262 510; x_wconf 90' lang='lat' dir='ltr'><strong>Sed</strong></span> <span class='ocrx_word' id='word_1_20' title='bbox 292 446 353 510; x_wconf 91' lang='lat' dir='ltr'><strong>iam</strong></span> <span class='ocrx_word' id='word_1_21' title='bbox 382 445 474 510; x_wconf 89' lang='lat' dir='ltr'><strong>linem</strong></span> <span class='ocrx_word' id='word_1_22' title='bbox 508 446 629 511; x_wconf 89' lang='lat' dir='ltr'><strong>somnio</strong></span> <span class='ocrx_word' id='word_1_23' title='bbox 656 443 790 510; x_wconf 90' lang='lat' dir='ltr'><strong>cohibita</strong></span> <span class='ocrx_word' id='word_1_24' title='bbox 818 445 1024 531; x_wconf 89' lang='lat' dir='ltr'><strong>disputatione</strong></span> <span class='ocrx_word' id='word_1_25' title='bbox 1050 446 1197 513; x_wconf 82' lang='lat' dir='ltr'><strong>iaciamus</strong></span> <span class='ocrx_word' id='word_1_26' title='bbox 1228 445 1337 515; x_wconf 77' lang='lat' dir='ltr'><strong>hoclh</strong></span> 
     </span>
     <span class='ocr_line' id='line_1_5' title="bbox 116 529 1285 617; baseline 0.004 -22"><span class='ocrx_word' id='word_1_27' title='bbox 116 530 236 595; x_wconf 85' lang='lat' dir='ltr'><strong>adiecto</strong></span> <span class='ocrx_word' id='word_1_28' title='bbox 257 530 341 617; x_wconf 90' lang='lat' dir='ltr'><strong>quod</strong></span> <span class='ocrx_word' id='word_1_29' title='bbox 363 530 591 595; x_wconf 83' lang='lat' dir='ltr'><strong>conclusionem</strong></span> <span class='ocrx_word' id='word_1_30' title='bbox 613 529 749 596; x_wconf 87' lang='lat' dir='ltr'><strong>decebit:</strong></span> <span class='ocrx_word' id='word_1_31' title='bbox 786 531 873 617; x_wconf 90' lang='lat' dir='ltr'><strong>quia,</strong></span> <span class='ocrx_word' id='word_1_32' title='bbox 898 551 967 597; x_wconf 91' lang='lat' dir='ltr'><strong>cum</strong></span> <span class='ocrx_word' id='word_1_33' title='bbox 990 531 1051 595; x_wconf 92' lang='lat' dir='ltr'><strong>sint</strong></span> <span class='ocrx_word' id='word_1_34' title='bbox 1072 532 1166 599; x_wconf 87' lang='lat' dir='ltr'><strong>totius</strong></span> <span class='ocrx_word' id='word_1_35' title='bbox 1188 532 1285 617; x_wconf 92' lang='lat' dir='ltr'><strong>philo-</strong></span> 
     </span>
     <span class='ocr_line' id='line_1_6' title="bbox 117 614 1285 701; baseline 0.003 -22"><span class='ocrx_word' id='word_1_36' title='bbox 117 614 244 701; x_wconf 80' lang='lat' dir='ltr'><strong>sophiae</strong></span> <span class='ocrx_word' id='word_1_37' title='bbox 265 626 328 681; x_wconf 89' lang='lat' dir='ltr'><strong>tres</strong></span> <span class='ocrx_word' id='word_1_38' title='bbox 349 625 464 701; x_wconf 89' lang='lat' dir='ltr'><strong>partes,</strong></span> <span class='ocrx_word' id='word_1_39' title='bbox 500 617 625 681; x_wconf 89' lang='lat' dir='ltr'><strong>moralis</strong></span> <span class='ocrx_word' id='word_1_40' title='bbox 646 616 794 681; x_wconf 88' lang='lat' dir='ltr'><strong>naturalis</strong></span> <span class='ocrx_word' id='word_1_41' title='bbox 814 624 846 680; x_wconf 91' lang='lat' dir='ltr'><strong>et</strong></span> <span class='ocrx_word' id='word_1_42' title='bbox 867 616 1038 692; x_wconf 89' lang='lat' dir='ltr'><strong>rationalis,</strong></span> <span class='ocrx_word' id='word_1_43' title='bbox 1073 625 1104 681; x_wconf 91' lang='lat' dir='ltr'><strong>et</strong></span> <span class='ocrx_word' id='word_1_44' title='bbox 1126 617 1166 681; x_wconf 89' lang='lat' dir='ltr'><strong>sit</strong></span> <span class='ocrx_word' id='word_1_45' title='bbox 1188 638 1285 683; x_wconf 90' lang='lat' dir='ltr'><strong>mora·</strong></span> 
     </span>
    </p>

    <p class='ocr_par' dir='ltr' id='par_1_4' title="bbox 54 700 1335 1980">
     <span class='ocr_line' id='line_1_7' title="bbox 54 700 1285 787; baseline 0.002 -23"><span class='ocrx_word' id='word_1_46' title='bbox 54 752 58 757; x_wconf 91' lang='lat'><em>.</em></span> <span class='ocrx_word' id='word_1_47' title='bbox 117 700 154 765; x_wconf 88' lang='lat' dir='ltr'><strong>lis</strong></span> <span class='ocrx_word' id='word_1_48' title='bbox 176 721 255 786; x_wconf 90' lang='lat' dir='ltr'><strong>quae</strong></span> <span class='ocrx_word' id='word_1_49' title='bbox 277 702 368 767; x_wconf 90' lang='lat' dir='ltr'><strong>docet</strong></span> <span class='ocrx_word' id='word_1_50' title='bbox 389 721 511 765; x_wconf 92' lang='lat' dir='ltr'><strong>morum</strong></span> <span class='ocrx_word' id='word_1_51' title='bbox 534 702 688 766; x_wconf 86' lang='lat' dir='ltr'><strong>elimatam</strong></span> <span class='ocrx_word' id='word_1_52' title='bbox 711 701 946 787; x_wconf 79' lang='lat' dir='ltr'><strong>perfectionem,</strong></span> <span class='ocrx_word' id='word_1_53' title='bbox 978 701 1125 767; x_wconf 90' lang='lat' dir='ltr'><strong>naturalis</strong></span> <span class='ocrx_word' id='word_1_54' title='bbox 1146 722 1225 787; x_wconf 89' lang='lat' dir='ltr'><strong>quae</strong></span> <span class='ocrx_word' id='word_1_55' title='bbox 1247 703 1285 767; x_wconf 91' lang='lat' dir='ltr'><strong>de</strong></span> 
     </span>
     <span class='ocr_line' id='line_1_8' title="bbox 115 786 1285 873; baseline 0.002 -24"><span class='ocrx_word' id='word_1_56' title='bbox 115 786 227 851; x_wconf 88' lang='lat' dir='ltr'><strong>divinis</strong></span> <span class='ocrx_word' id='word_1_57' title='bbox 250 787 430 872; x_wconf 85' lang='lat' dir='ltr'><strong>corporibus</strong></span> <span class='ocrx_word' id='word_1_58' title='bbox 450 786 600 872; x_wconf 88' lang='lat' dir='ltr'><strong>disputat,</strong></span> <span class='ocrx_word' id='word_1_59' title='bbox 627 788 799 865; x_wconf 85' lang='lat' dir='ltr'><strong>rationalis,</strong></span> <span class='ocrx_word' id='word_1_60' title='bbox 819 808 888 852; x_wconf 91' lang='lat' dir='ltr'><strong>cum</strong></span> <span class='ocrx_word' id='word_1_61' title='bbox 912 787 950 853; x_wconf 93' lang='lat' dir='ltr'><strong>de</strong></span> <span class='ocrx_word' id='word_1_62' title='bbox 973 786 1161 873; x_wconf 86' lang='lat' dir='ltr'><strong>incorporeis</strong></span> <span class='ocrx_word' id='word_1_63' title='bbox 1184 808 1285 851; x_wconf 91' lang='lat' dir='ltr'><strong>sermo</strong></span> 
     </span>
     <span class='ocr_line' id='line_1_9' title="bbox 116 872 1285 959; baseline 0 -22"><span class='ocrx_word' id='word_1_64' title='bbox 116 878 164 937; x_wconf 91' lang='lat' dir='ltr'><strong>est</strong></span> <span class='ocrx_word' id='word_1_65' title='bbox 180 893 261 959; x_wconf 90' lang='lat' dir='ltr'><strong>quae</strong></span> <span class='ocrx_word' id='word_1_66' title='bbox 280 894 368 937; x_wconf 91' lang='lat' dir='ltr'><strong>mens</strong></span> <span class='ocrx_word' id='word_1_67' title='bbox 389 872 454 940; x_wconf 90' lang='lat' dir='ltr'><strong>sola</strong></span> <span class='ocrx_word' id='word_1_68' title='bbox 476 874 698 958; x_wconf 79' lang='lat' dir='ltr'><strong>complectitur,</strong></span> <span class='ocrx_word' id='word_1_69' title='bbox 721 873 835 939; x_wconf 90' lang='lat' dir='ltr'><strong>nullam</strong></span> <span class='ocrx_word' id='word_1_70' title='bbox 859 872 896 937; x_wconf 90' lang='lat' dir='ltr'><strong>de</strong></span> <span class='ocrx_word' id='word_1_71' title='bbox 918 872 1021 938; x_wconf 83' lang='lat' dir='ltr'><strong>trinus.</strong></span> <span class='ocrx_word' id='word_1_72' title='bbox 1035 873 1154 939; x_wconf 89' lang='lat' dir='ltr'><strong>Tullios</strong></span> <span class='ocrx_word' id='word_1_73' title='bbox 1175 872 1207 937; x_wconf 90' lang='lat' dir='ltr'><strong>in</strong></span> <span class='ocrx_word' id='word_1_74' title='bbox 1226 872 1285 937; x_wconf 92' lang='lat' dir='ltr'><strong>hoc</strong></span> 
     </span>
     <span class='ocr_line' id='line_1_10' title="bbox 115 957 1335 1044; baseline 0.002 -24"><span class='ocrx_word' id='word_1_75' title='bbox 115 957 236 1021; x_wconf 90' lang='lat' dir='ltr'><strong>somnio</strong></span> <span class='ocrx_word' id='word_1_76' title='bbox 264 957 478 1041; x_wconf 80' lang='lat' dir='ltr'><strong>praetermisit</strong></span> <span class='ocrx_word' id='word_1_77' title='bbox 525 960 605 1025; x_wconf 89' lang='lat' dir='ltr'><strong>Nam</strong></span> <span class='ocrx_word' id='word_1_78' title='bbox 636 960 687 1023; x_wconf 91' lang='lat' dir='ltr'><strong>illa</strong></span> <span class='ocrx_word' id='word_1_79' title='bbox 719 959 757 1023; x_wconf 94' lang='lat' dir='ltr'><strong>ad</strong></span> <span class='ocrx_word' id='word_1_80' title='bbox 788 960 917 1023; x_wconf 86' lang='lat' dir='ltr'><strong>virtutes</strong></span> <span class='ocrx_word' id='word_1_81' title='bbox 945 978 1144 1044; x_wconf 87' lang='lat' dir='ltr'><strong>amoremque</strong></span> <span class='ocrx_word' id='word_1_82' title='bbox 1170 958 1335 1042; x_wconf 86' lang='lat' dir='ltr'><strong>patrieelb</strong></span> 
     </span>
     <span class='ocr_line' id='line_1_11' title="bbox 115 1042 1284 1129; baseline 0.001 -23"><span class='ocrx_word' id='word_1_83' title='bbox 115 1050 147 1106; x_wconf 91' lang='lat' dir='ltr'><strong>et</strong></span> <span class='ocrx_word' id='word_1_84' title='bbox 173 1042 211 1105; x_wconf 91' lang='lat' dir='ltr'><strong>ad</strong></span> <span class='ocrx_word' id='word_1_85' title='bbox 240 1049 452 1127; x_wconf 90' lang='lat' dir='ltr'><strong>contemptum</strong></span> <span class='ocrx_word' id='word_1_86' title='bbox 483 1044 597 1128; x_wconf 86' lang='lat' dir='ltr'><strong>gloriae</strong></span> <span class='ocrx_word' id='word_1_87' title='bbox 630 1044 805 1110; x_wconf 80' lang='lat' dir='ltr'><strong>adhortatio</strong></span> <span class='ocrx_word' id='word_1_88' title='bbox 834 1044 908 1129; x_wconf 93' lang='lat' dir='ltr'><strong>quid</strong></span> <span class='ocrx_word' id='word_1_89' title='bbox 940 1044 1022 1108; x_wconf 87' lang='lat' dir='ltr'><strong>aliud</strong></span> <span class='ocrx_word' id='word_1_90' title='bbox 1056 1044 1193 1109; x_wconf 90' lang='lat' dir='ltr'><strong>continet</strong></span> <span class='ocrx_word' id='word_1_91' title='bbox 1225 1044 1284 1108; x_wconf 91' lang='lat' dir='ltr'><strong>nisi</strong></span> 
     </span>
     <span class='ocr_line' id='line_1_12' title="bbox 114 1125 1283 1214; baseline 0.003 -24"><span class='ocrx_word' id='word_1_92' title='bbox 114 1125 233 1190; x_wconf 90' lang='lat' dir='ltr'><strong>ethicae</strong></span> <span class='ocrx_word' id='word_1_93' title='bbox 261 1126 473 1213; x_wconf 77' lang='lat' dir='ltr'><strong>philosophiae</strong></span> <span class='ocrx_word' id='word_1_94' title='bbox 499 1130 639 1195; x_wconf 88' lang='lat' dir='ltr'><strong>instituta</strong></span> <span class='ocrx_word' id='word_1_95' title='bbox 666 1130 816 1194; x_wconf 80' lang='lat' dir='ltr'><strong>moralia?</strong></span> <span class='ocrx_word' id='word_1_96' title='bbox 859 1150 928 1193; x_wconf 92' lang='lat' dir='ltr'><strong>cum</strong></span> <span class='ocrx_word' id='word_1_97' title='bbox 951 1150 1024 1194; x_wconf 89' lang='lat' dir='ltr'><strong>vero</strong></span> <span class='ocrx_word' id='word_1_98' title='bbox 1047 1129 1094 1193; x_wconf 88' lang='lat' dir='ltr'><strong>vel</strong></span> <span class='ocrx_word' id='word_1_99' title='bbox 1116 1129 1154 1195; x_wconf 93' lang='lat' dir='ltr'><strong>de</strong></span> <span class='ocrx_word' id='word_1_100' title='bbox 1175 1128 1283 1214; x_wconf 91' lang='lat' dir='ltr'><strong>sphae-</strong></span> 
     </span>
     <span class='ocr_line' id='line_1_13' title="bbox 114 1212 1282 1300; baseline 0.004 -26"><span class='ocrx_word' id='word_1_101' title='bbox 114 1232 217 1275; x_wconf 91' lang='lat' dir='ltr'><strong>rarum</strong></span> <span class='ocrx_word' id='word_1_102' title='bbox 247 1212 340 1277; x_wconf 91' lang='lat' dir='ltr'><strong>modo</strong></span> <span class='ocrx_word' id='word_1_103' title='bbox 366 1214 414 1279; x_wconf 86' lang='lat' dir='ltr'><strong>vel</strong></span> <span class='ocrx_word' id='word_1_104' title='bbox 441 1214 480 1279; x_wconf 90' lang='lat' dir='ltr'><strong>de</strong></span> <span class='ocrx_word' id='word_1_105' title='bbox 513 1215 647 1281; x_wconf 80' lang='lat' dir='ltr'><strong>novitate</strong></span> <span class='ocrx_word' id='word_1_106' title='bbox 675 1215 739 1281; x_wconf 86' lang='lat' dir='ltr'><strong>sive</strong></span> <span class='ocrx_word' id='word_1_107' title='bbox 768 1214 977 1298; x_wconf 82' lang='lat' dir='ltr'><strong>magnitudine</strong></span> <span class='ocrx_word' id='word_1_108' title='bbox 1010 1212 1146 1279; x_wconf 90' lang='lat' dir='ltr'><strong>siderum</strong></span> <span class='ocrx_word' id='word_1_109' title='bbox 1182 1215 1282 1300; x_wconf 86' lang='lat' dir='ltr'><strong>deque</strong></span> 
     </span>
     <span class='ocr_line' id='line_1_14' title="bbox 114 1295 1283 1385; baseline 0.004 -27"><span class='ocrx_word' id='word_1_110' title='bbox 114 1295 289 1381; x_wconf 85' lang='lat' dir='ltr'><strong>principatu</strong></span> <span class='ocrx_word' id='word_1_111' title='bbox 317 1299 390 1363; x_wconf 91' lang='lat' dir='ltr'><strong>solis</strong></span> <span class='ocrx_word' id='word_1_112' title='bbox 418 1306 450 1362; x_wconf 92' lang='lat' dir='ltr'><strong>et</strong></span> <span class='ocrx_word' id='word_1_113' title='bbox 474 1300 562 1365; x_wconf 89' lang='lat' dir='ltr'><strong>circis</strong></span> <span class='ocrx_word' id='word_1_114' title='bbox 589 1301 772 1365; x_wconf 89' lang='lat' dir='ltr'><strong>caelestibus</strong></span> <span class='ocrx_word' id='word_1_115' title='bbox 799 1300 990 1385; x_wconf 79' lang='lat' dir='ltr'><strong>cingulisque</strong></span> <span class='ocrx_word' id='word_1_116' title='bbox 1020 1297 1218 1363; x_wconf 87' lang='lat' dir='ltr'><strong>terrestribus</strong></span> <span class='ocrx_word' id='word_1_117' title='bbox 1251 1308 1283 1363; x_wconf 91' lang='lat' dir='ltr'><strong>et</strong></span> 
     </span>
     <span class='ocr_line' id='line_1_15' title="bbox 112 1382 1282 1470; baseline 0.003 -26"><span class='ocrx_word' id='word_1_118' title='bbox 112 1382 220 1445; x_wconf 91' lang='lat' dir='ltr'><strong>oceani</strong></span> <span class='ocrx_word' id='word_1_119' title='bbox 247 1382 309 1447; x_wconf 92' lang='lat' dir='ltr'><strong>situ</strong></span> <span class='ocrx_word' id='word_1_120' title='bbox 338 1384 476 1469; x_wconf 87' lang='lat' dir='ltr'><strong>loquitur</strong></span> <span class='ocrx_word' id='word_1_121' title='bbox 508 1393 540 1450; x_wconf 93' lang='lat' dir='ltr'><strong>et</strong></span> <span class='ocrx_word' id='word_1_122' title='bbox 573 1385 752 1451; x_wconf 88' lang='lat' dir='ltr'><strong>harmoniae</strong></span> <span class='ocrx_word' id='word_1_123' title='bbox 786 1406 931 1470; x_wconf 91' lang='lat' dir='ltr'><strong>superum</strong></span> <span class='ocrx_word' id='word_1_124' title='bbox 965 1383 1072 1469; x_wconf 90' lang='lat' dir='ltr'><strong>pandit</strong></span> <span class='ocrx_word' id='word_1_125' title='bbox 1105 1382 1282 1458; x_wconf 88' lang='lat' dir='ltr'><strong>archanum,</strong></span> 
     </span>
     <span class='ocr_line' id='line_1_16' title="bbox 111 1466 1281 1565; baseline 0.003 -35"><span class='ocrx_word' id='word_1_126' title='bbox 111 1466 257 1565; x_wconf 68' lang='lat' dir='ltr'><strong>physicae</strong></span> <span class='ocrx_word' id='word_1_127' title='bbox 283 1477 399 1534; x_wconf 90' lang='lat' dir='ltr'><strong>secreta</strong></span> <span class='ocrx_word' id='word_1_128' title='bbox 426 1478 661 1536; x_wconf 89' lang='lat' dir='ltr'><strong>commemorat:</strong></span> <span class='ocrx_word' id='word_1_129' title='bbox 700 1480 732 1535; x_wconf 92' lang='lat' dir='ltr'><strong>at</strong></span> <span class='ocrx_word' id='word_1_130' title='bbox 754 1491 823 1535; x_wconf 93' lang='lat' dir='ltr'><strong>cum</strong></span> <span class='ocrx_word' id='word_1_131' title='bbox 845 1470 884 1535; x_wconf 91' lang='lat' dir='ltr'><strong>de</strong></span> <span class='ocrx_word' id='word_1_132' title='bbox 905 1478 992 1534; x_wconf 90' lang='lat' dir='ltr'><strong>motu</strong></span> <span class='ocrx_word' id='word_1_133' title='bbox 1013 1476 1045 1533; x_wconf 92' lang='lat' dir='ltr'><strong>et</strong></span> <span class='ocrx_word' id='word_1_134' title='bbox 1062 1467 1281 1533; x_wconf 86' lang='lat' dir='ltr'><strong>inmortalitate</strong></span> 
     </span>
     <span class='ocr_line' id='line_1_17' title="bbox 112 1553 1282 1640; baseline 0.003 -26"><span class='ocrx_word' id='word_1_135' title='bbox 112 1571 234 1617; x_wconf 79' lang='lat' dir='ltr'><strong>animae</strong></span> <span class='ocrx_word' id='word_1_136' title='bbox 253 1553 404 1639; x_wconf 88' lang='lat' dir='ltr'><strong>disputat,</strong></span> <span class='ocrx_word' id='word_1_137' title='bbox 424 1556 474 1620; x_wconf 92' lang='lat' dir='ltr'><strong>cui</strong></span> <span class='ocrx_word' id='word_1_138' title='bbox 494 1554 569 1621; x_wconf 92' lang='lat' dir='ltr'><strong>nihil</strong></span> <span class='ocrx_word' id='word_1_139' title='bbox 594 1563 715 1621; x_wconf 89' lang='lat' dir='ltr'><strong>constet</strong></span> <span class='ocrx_word' id='word_1_140' title='bbox 734 1556 833 1621; x_wconf 90' lang='lat' dir='ltr'><strong>inesse</strong></span> <span class='ocrx_word' id='word_1_141' title='bbox 855 1575 1037 1640; x_wconf 88' lang='lat' dir='ltr'><strong>corporeum</strong></span> <span class='ocrx_word' id='word_1_142' title='bbox 1060 1553 1210 1640; x_wconf 88' lang='lat' dir='ltr'><strong>cuiusque</strong></span> <span class='ocrx_word' id='word_1_143' title='bbox 1235 1574 1282 1619; x_wconf 92' lang='lat' dir='ltr'><strong>es·</strong></span> 
     </span>
     <span class='ocr_line' id='line_1_18' title="bbox 111 1637 1281 1726; baseline 0.003 -26"><span class='ocrx_word' id='word_1_144' title='bbox 111 1637 242 1703; x_wconf 84' lang='lat' dir='ltr'><strong>sentiam</strong></span> <span class='ocrx_word' id='word_1_145' title='bbox 266 1640 369 1705; x_wconf 91' lang='lat' dir='ltr'><strong>nullus</strong></span> <span class='ocrx_word' id='word_1_146' title='bbox 390 1662 499 1705; x_wconf 92' lang='lat' dir='ltr'><strong>sensus</strong></span> <span class='ocrx_word' id='word_1_147' title='bbox 521 1643 574 1707; x_wconf 92' lang='lat' dir='ltr'><strong>sed</strong></span> <span class='ocrx_word' id='word_1_148' title='bbox 598 1642 663 1706; x_wconf 87' lang='lat' dir='ltr'><strong>sola</strong></span> <span class='ocrx_word' id='word_1_149' title='bbox 684 1641 763 1705; x_wconf 89' lang='lat' dir='ltr'><strong>ratio</strong></span> <span class='ocrx_word' id='word_1_150' title='bbox 784 1640 1002 1726; x_wconf 88' lang='lat' dir='ltr'><strong>deprehendit,</strong></span> <span class='ocrx_word' id='word_1_151' title='bbox 1036 1639 1098 1704; x_wconf 91' lang='lat' dir='ltr'><strong>illic</strong></span> <span class='ocrx_word' id='word_1_152' title='bbox 1120 1638 1157 1703; x_wconf 90' lang='lat' dir='ltr'><strong>ad</strong></span> <span class='ocrx_word' id='word_1_153' title='bbox 1179 1638 1281 1704; x_wconf 88' lang='lat' dir='ltr'><strong>altitu-</strong></span> 
     </span>
     <span class='ocr_line' id='line_1_19' title="bbox 111 1721 1330 1823; baseline 0.001 -37"><span class='ocrx_word' id='word_1_154' title='bbox 111 1721 215 1787; x_wconf 90' lang='lat' dir='ltr'><strong>dinem</strong></span> <span class='ocrx_word' id='word_1_155' title='bbox 243 1723 456 1823; x_wconf 89' lang='lat' dir='ltr'><strong>philosophiae</strong></span> <span class='ocrx_word' id='word_1_156' title='bbox 483 1727 641 1792; x_wconf 87' lang='lat' dir='ltr'><strong>rationalis</strong></span> <span class='ocrx_word' id='word_1_157' title='bbox 666 1726 812 1791; x_wconf 81' lang='lat' dir='ltr'><strong>ascendit.</strong></span> <span class='ocrx_word' id='word_1_158' title='bbox 855 1727 937 1791; x_wconf 84' lang='lat' dir='ltr'><strong>Vere</strong></span> <span class='ocrx_word' id='word_1_159' title='bbox 965 1725 1059 1809; x_wconf 83' lang='lat' dir='ltr'><strong>igitur</strong></span> <span class='ocrx_word' id='word_1_160' title='bbox 1080 1722 1330 1810; x_wconf 80' lang='lat' dir='ltr'><strong>pronuntianl&#39;l</strong></span> 
     </span>
     <span class='ocr_line' id='line_1_20' title="bbox 110 1806 1281 1906; baseline 0.003 -36"><span class='ocrx_word' id='word_1_161' title='bbox 110 1806 192 1906; x_wconf 39' lang='lat' dir='ltr'><strong>dum·</strong></span> <span class='ocrx_word' id='word_1_162' title='bbox 206 1816 267 1873; x_wconf 88' lang='lat' dir='ltr'><strong>est:</strong></span> <span class='ocrx_word' id='word_1_163' title='bbox 308 1809 384 1874; x_wconf 87' lang='lat' dir='ltr'><strong>nihrl</strong></span> <span class='ocrx_word' id='word_1_164' title='bbox 407 1809 466 1877; x_wconf 93' lang='lat' dir='ltr'><strong>hoc</strong></span> <span class='ocrx_word' id='word_1_165' title='bbox 485 1832 580 1896; x_wconf 91' lang='lat' dir='ltr'><strong>opere</strong></span> <span class='ocrx_word' id='word_1_166' title='bbox 601 1811 783 1899; x_wconf 85' lang='lat' dir='ltr'><strong>perfectius,</strong></span> <span class='ocrx_word' id='word_1_167' title='bbox 817 1832 880 1897; x_wconf 91' lang='lat' dir='ltr'><strong>quo</strong></span> <span class='ocrx_word' id='word_1_168' title='bbox 901 1810 1045 1876; x_wconf 85' lang='lat' dir='ltr'><strong>universa</strong></span> <span class='ocrx_word' id='word_1_169' title='bbox 1068 1807 1281 1895; x_wconf 86' lang='lat' dir='ltr'><strong>philosophiae</strong></span> 
     </span>
     <span class='ocr_line' id='line_1_21' title="bbox 109 1894 475 1980; baseline 0.011 -25"><span class='ocrx_word' id='word_1_170' title='bbox 109 1901 287 1959; x_wconf 77' lang='lat' dir='ltr'><strong>continetur</strong></span> <span class='ocrx_word' id='word_1_171' title='bbox 307 1894 475 1980; x_wconf 84' lang='lat' dir='ltr'><strong>integritas.</strong></span> 
     </span>
    </p>
   </div>
   <div class='ocr_carea' id='block_1_3' title="bbox 906 2014 1211 2083">
    <p class='ocr_par' dir='ltr' id='par_1_5' title="bbox 906 2014 1211 2083">
     <span class='ocr_line' id='line_1_22' title="bbox 906 2014 1211 2083; baseline 0.003 -16"><span class='ocrx_word' id='word_1_172' title='bbox 906 2016 990 2079; x_wconf 79' lang='lat' dir='ltr'><strong>[lldd.</strong></span> <span class='ocrx_word' id='word_1_173' title='bbox 1009 2014 1211 2083; x_wconf 79' lang='lat' dir='ltr'><strong>sicshgspdab.</strong></span> 
     </span>
    </p>
   </div>
   <div class='ocr_carea' id='block_1_4' title="bbox 105 2096 1281 2897">
    <p class='ocr_par' dir='ltr' id='par_1_6' title="bbox 105 2096 1281 2897">
     <span class='ocr_line' id='line_1_23' title="bbox 108 2096 1281 2169; baseline -0.002 -17"><span class='ocrx_word' id='word_1_174' title='bbox 108 2104 173 2148; x_wconf 69' lang='lat' dir='ltr'><strong>tum</strong></span> <span class='ocrx_word' id='word_1_175' title='bbox 188 2096 221 2148; x_wconf 80' lang='lat' dir='ltr'><strong>F·</strong></span> <span class='ocrx_word' id='word_1_176' title='bbox 282 2145 285 2153; x_wconf 95' lang='grc'><strong>,</strong></span> <span class='ocrx_word' id='word_1_177' title='bbox 373 2103 415 2154; x_wconf 81' lang='lat' dir='ltr'><strong>lo.</strong></span> <span class='ocrx_word' id='word_1_178' title='bbox 452 2102 506 2154; x_wconf 82' lang='lat' dir='ltr'><strong>Sed</strong></span> <span class='ocrx_word' id='word_1_179' title='bbox 512 2106 597 2169; x_wconf 77' lang='lat' dir='ltr'><strong>finem</strong></span> <span class='ocrx_word' id='word_1_180' title='bbox 613 2108 691 2168; x_wconf 85' lang='lat' dir='ltr'><strong>(sup.</strong></span> <span class='ocrx_word' id='word_1_181' title='bbox 705 2102 769 2153; x_wconf 85' lang='lat' dir='ltr'><strong>add.</strong></span> <span class='ocrx_word' id='word_1_182' title='bbox 788 2102 856 2162; x_wconf 87' lang='lat' dir='ltr'><strong>iam)</strong></span> <span class='ocrx_word' id='word_1_183' title='bbox 876 2100 977 2151; x_wconf 71' lang='lat' dir='ltr'><strong>Rh-</strong></span> <span class='ocrx_word' id='word_1_184' title='bbox 1003 2118 1102 2153; x_wconf 89' lang='lat' dir='ltr'><strong>somno</strong></span> <span class='ocrx_word' id='word_1_185' title='bbox 1120 2098 1281 2151; x_wconf 81' lang='lat' dir='ltr'><strong>F.—con-</strong></span> 
     </span>
     <span class='ocr_line' id='line_1_24' title="bbox 108 2166 1281 2238; baseline 0 -22"><span class='ocrx_word' id='word_1_186' title='bbox 108 2167 265 2217; x_wconf 85' lang='lat' dir='ltr'><strong>cessionem</strong></span> <span class='ocrx_word' id='word_1_187' title='bbox 282 2168 335 2219; x_wconf 73' lang='lat' dir='ltr'><strong>m·</strong></span> <span class='ocrx_word' id='word_1_188' title='bbox 359 2196 392 2209; x_wconf 93' lang='lat'><strong>·—</strong></span> <span class='ocrx_word' id='word_1_189' title='bbox 418 2171 470 2221; x_wconf 85' lang='lat' dir='ltr'><strong>acl</strong></span> <span class='ocrx_word' id='word_1_190' title='bbox 484 2173 626 2223; x_wconf 82' lang='lat' dir='ltr'><strong>ratiosmlis</strong></span> <span class='ocrx_word' id='word_1_191' title='bbox 644 2171 674 2224; x_wconf 77' lang='lat' dir='ltr'><strong>F.</strong></span> <span class='ocrx_word' id='word_1_192' title='bbox 699 2200 731 2209; x_wconf 90' lang='lat'><strong>-·</strong></span> <span class='ocrx_word' id='word_1_193' title='bbox 752 2170 939 2238; x_wconf 71' lang='lat' dir='ltr'><strong>perfectionem</strong></span> <span class='ocrx_word' id='word_1_194' title='bbox 957 2168 1091 2220; x_wconf 85' lang='lat' dir='ltr'><strong>elimatum</strong></span> <span class='ocrx_word' id='word_1_195' title='bbox 1109 2166 1157 2217; x_wconf 82' lang='lat' dir='ltr'><strong>Rl.</strong></span> <span class='ocrx_word' id='word_1_196' title='bbox 1180 2195 1215 2205; x_wconf 80' lang='lat'><strong>--</strong></span> <span class='ocrx_word' id='word_1_197' title='bbox 1238 2168 1281 2217; x_wconf 88' lang='lat' dir='ltr'><strong>in-</strong></span> 
     </span>
     <span class='ocr_line' id='line_1_25' title="bbox 108 2233 1280 2307; baseline 0.013 -24"><span class='ocrx_word' id='word_1_198' title='bbox 108 2236 238 2301; x_wconf 83' lang='lat' dir='ltr'><strong>corporeis</strong></span> <span class='ocrx_word' id='word_1_199' title='bbox 261 2236 328 2287; x_wconf 84' lang='lat' dir='ltr'><strong>Mss.</strong></span> <span class='ocrx_word' id='word_1_200' title='bbox 346 2238 402 2299; x_wconf 82' lang='lat' dir='ltr'><strong>(Rl</strong></span> <span class='ocrx_word' id='word_1_201' title='bbox 425 2238 606 2306; x_wconf 71' lang='lat' dir='ltr'><strong>incorporeis,</strong></span> <span class='ocrx_word' id='word_1_202' title='bbox 629 2256 690 2307; x_wconf 89' lang='lat' dir='ltr'><strong>sup.</strong></span> <span class='ocrx_word' id='word_1_203' title='bbox 707 2237 954 2305; x_wconf 81' lang='lat' dir='ltr'><strong>incorporalibus)</strong></span> <span class='ocrx_word' id='word_1_204' title='bbox 974 2233 1109 2302; x_wconf 76' lang='lat' dir='ltr'><strong>v-gnttto</strong></span> <span class='ocrx_word' id='word_1_205' title='bbox 1126 2234 1199 2295; x_wconf 64' lang='lat' dir='ltr'><strong>„lst-</strong></span> <span class='ocrx_word' id='word_1_206' title='bbox 1218 2239 1246 2284; x_wconf 56' lang='lat'><strong>⁰3</strong></span> <span class='ocrx_word' id='word_1_207' title='bbox 1263 2236 1280 2283; x_wconf 85' lang='lat'>4</span> 
     </span>
     <span class='ocr_line' id='line_1_26' title="bbox 107 2301 1280 2373; baseline -0.001 -22"><span class='ocrx_word' id='word_1_208' title='bbox 107 2302 212 2369; x_wconf 77' lang='lat' dir='ltr'><strong>Augl.“</strong></span> <span class='ocrx_word' id='word_1_209' title='bbox 234 2304 336 2371; x_wconf 77' lang='lat' dir='ltr'><strong>„Quod</strong></span> <span class='ocrx_word' id='word_1_210' title='bbox 355 2312 399 2357; x_wconf 88' lang='lat' dir='ltr'><strong>est</strong></span> <span class='ocrx_word' id='word_1_211' title='bbox 414 2306 602 2373; x_wconf 69' lang='lat' dir='ltr'><strong>elegantius-‘⁸</strong></span> <span class='ocrx_word' id='word_1_212' title='bbox 621 2306 707 2358; x_wconf 78' lang='lat' dir='ltr'><strong>Zeno.</strong></span> <span class='ocrx_word' id='word_1_213' title='bbox 743 2306 786 2356; x_wconf 80' lang='lat' dir='ltr'><strong>Gi.</strong></span> <span class='ocrx_word' id='word_1_214' title='bbox 803 2305 860 2355; x_wconf 86' lang='lat' dir='ltr'><strong>Sat.</strong></span> <span class='ocrx_word' id='word_1_215' title='bbox 879 2304 938 2367; x_wconf 73' lang='lat' dir='ltr'><strong>Vll,</strong></span> <span class='ocrx_word' id='word_1_216' title='bbox 959 2308 998 2366; x_wconf 87' lang='grc'><strong>15,</strong></span> <span class='ocrx_word' id='word_1_217' title='bbox 1019 2306 1058 2353; x_wconf 86' lang='grc'><strong>14.</strong></span> <span class='ocrx_word' id='word_1_218' title='bbox 1092 2301 1280 2367; x_wconf 83' lang='lat' dir='ltr'><strong>incorporali-</strong></span> 
     </span>
     <span class='ocr_line' id='line_1_27' title="bbox 108 2368 1279 2436; baseline -0.002 -15"><span class='ocrx_word' id='word_1_219' title='bbox 108 2369 164 2421; x_wconf 84' lang='lat' dir='ltr'><strong>hns</strong></span> <span class='ocrx_word' id='word_1_220' title='bbox 181 2387 236 2421; x_wconf 84' lang='lat' dir='ltr'><strong>s-a.</strong></span> <span class='ocrx_word' id='word_1_221' title='bbox 391 2377 433 2425; x_wconf 87' lang='grc'><strong>16.</strong></span> <span class='ocrx_word' id='word_1_222' title='bbox 470 2375 540 2425; x_wconf 89' lang='lat' dir='ltr'><strong>Nam</strong></span> <span class='ocrx_word' id='word_1_223' title='bbox 557 2375 640 2425; x_wconf 84' lang='lat' dir='ltr'><strong>illam</strong></span> <span class='ocrx_word' id='word_1_224' title='bbox 657 2374 689 2425; x_wconf 80' lang='lat' dir='ltr'><strong>G.</strong></span> <span class='ocrx_word' id='word_1_225' title='bbox 709 2401 744 2410; x_wconf 89' lang='lat'><em>-</em></span> <span class='ocrx_word' id='word_1_226' title='bbox 765 2372 922 2424; x_wconf 72' lang='lat' dir='ltr'><strong>exhortatio</strong></span> <span class='ocrx_word' id='word_1_227' title='bbox 938 2370 1031 2432; x_wconf 84' lang='lat' dir='ltr'><strong>,‚hls.“</strong></span> <span class='ocrx_word' id='word_1_228' title='bbox 1055 2396 1077 2405; x_wconf 92' lang='lat'>-</span> <span class='ocrx_word' id='word_1_229' title='bbox 1103 2368 1154 2419; x_wconf 85' lang='lat' dir='ltr'><strong>acl</strong></span> <span class='ocrx_word' id='word_1_230' title='bbox 1171 2369 1279 2436; x_wconf 83' lang='lat' dir='ltr'><strong>magni-</strong></span> 
     </span>
     <span class='ocr_line' id='line_1_28' title="bbox 106 2435 1281 2504; baseline -0.001 -17"><span class='ocrx_word' id='word_1_231' title='bbox 106 2438 200 2489; x_wconf 77' lang='lat' dir='ltr'><strong>tudine</strong></span> <span class='ocrx_word' id='word_1_232' title='bbox 217 2438 251 2488; x_wconf 80' lang='lat' dir='ltr'><strong>G.</strong></span> <span class='ocrx_word' id='word_1_233' title='bbox 277 2467 313 2479; x_wconf 93' lang='lat'><em>-</em></span> <span class='ocrx_word' id='word_1_234' title='bbox 337 2449 436 2493; x_wconf 73' lang='lat' dir='ltr'><strong>senata</strong></span> <span class='ocrx_word' id='word_1_235' title='bbox 453 2441 556 2492; x_wconf 77' lang='lat' dir='ltr'><strong>hisnu-</strong></span> <span class='ocrx_word' id='word_1_236' title='bbox 578 2440 661 2492; x_wconf 84' lang='lat' dir='ltr'><strong>bDlO</strong></span> <span class='ocrx_word' id='word_1_237' title='bbox 679 2440 767 2504; x_wconf 89' lang='lat' dir='ltr'><strong>„libri</strong></span> <span class='ocrx_word' id='word_1_238' title='bbox 786 2441 902 2489; x_wconf 85' lang='lat' dir='ltr'><strong>omnes“</strong></span> <span class='ocrx_word' id='word_1_239' title='bbox 920 2437 1006 2488; x_wconf 84' lang='lat' dir='ltr'><strong>Gron.</strong></span> <span class='ocrx_word' id='word_1_240' title='bbox 1041 2435 1101 2485; x_wconf 82' lang='lat' dir='ltr'><strong>vtd.</strong></span> <span class='ocrx_word' id='word_1_241' title='bbox 1118 2441 1174 2487; x_wconf 90' lang='lat' dir='ltr'><strong>not.</strong></span> <span class='ocrx_word' id='word_1_242' title='bbox 1228 2436 1281 2486; x_wconf 88' lang='lat' dir='ltr'><strong>dc·</strong></span> 
     </span>
     <span class='ocr_line' id='line_1_29' title="bbox 107 2502 1278 2560; baseline -0.001 -6"><span class='ocrx_word' id='word_1_243' title='bbox 107 2512 248 2555; x_wconf 68' lang='lat' dir='ltr'><strong>motos-s.</strong></span> <span class='ocrx_word' id='word_1_244' title='bbox 267 2532 301 2543; x_wconf 84' lang='lat'>-</span> <span class='ocrx_word' id='word_1_245' title='bbox 316 2509 408 2559; x_wconf 86' lang='lat' dir='ltr'><strong>nullus</strong></span> <span class='ocrx_word' id='word_1_246' title='bbox 425 2509 557 2560; x_wconf 87' lang='lat' dir='ltr'><strong>sensusB</strong></span> <span class='ocrx_word' id='word_1_247' title='bbox 582 2507 678 2559; x_wconf 86' lang='lat' dir='ltr'><strong>su10.</strong></span> <span class='ocrx_word' id='word_1_248' title='bbox 711 2502 1134 2558; x_wconf 76' lang='lat' dir='ltr'><strong>nulliussensasEdd.PR12G.</strong></span> <span class='ocrx_word' id='word_1_249' title='bbox 1154 2530 1178 2540; x_wconf 91' lang='lat'>-</span> <span class='ocrx_word' id='word_1_250' title='bbox 1202 2518 1278 2553; x_wconf 88' lang='lat' dir='ltr'><strong>com·</strong></span> 
     </span>
     <span class='ocr_line' id='line_1_30' title="bbox 105 2569 1279 2638; baseline -0.001 -18"><span class='ocrx_word' id='word_1_251' title='bbox 105 2570 244 2636; x_wconf 80' lang='lat' dir='ltr'><strong>prehendit</strong></span> <span class='ocrx_word' id='word_1_252' title='bbox 262 2577 338 2637; x_wconf 82' lang='lat' dir='ltr'><strong>(sup.</strong></span> <span class='ocrx_word' id='word_1_253' title='bbox 358 2575 420 2631; x_wconf 82' lang='lat' dir='ltr'><strong>dat)</strong></span> <span class='ocrx_word' id='word_1_254' title='bbox 438 2575 469 2625; x_wconf 81' lang='lat' dir='ltr'><strong>F.</strong></span> <span class='ocrx_word' id='word_1_255' title='bbox 496 2603 530 2613; x_wconf 91' lang='lat'><em>-</em></span> <span class='ocrx_word' id='word_1_256' title='bbox 554 2576 696 2627; x_wconf 78' lang='lat' dir='ltr'><strong>rationulis</strong></span> <span class='ocrx_word' id='word_1_257' title='bbox 713 2591 767 2624; x_wconf 89' lang='lat' dir='ltr'><strong>om.</strong></span> <span class='ocrx_word' id='word_1_258' title='bbox 786 2589 831 2624; x_wconf 86' lang='lat' dir='ltr'><strong>s-a</strong></span> <span class='ocrx_word' id='word_1_259' title='bbox 877 2571 1003 2638; x_wconf 88' lang='lat' dir='ltr'><strong>„Supple</strong></span> <span class='ocrx_word' id='word_1_260' title='bbox 1021 2587 1054 2620; x_wconf 80' lang='lat' dir='ltr'><strong>cx</strong></span> <span class='ocrx_word' id='word_1_261' title='bbox 1074 2570 1142 2620; x_wconf 84' lang='lat' dir='ltr'><strong>hlss.</strong></span> <span class='ocrx_word' id='word_1_262' title='bbox 1160 2575 1188 2621; x_wconf 86' lang='lat' dir='ltr'><strong>et</strong></span> <span class='ocrx_word' id='word_1_263' title='bbox 1204 2569 1279 2621; x_wconf 86' lang='lat' dir='ltr'><strong>enti-</strong></span> 
     </span>
     <span class='ocr_line' id='line_1_31' title="bbox 107 2636 1279 2708; baseline 0.003 -22"><span class='ocrx_word' id='word_1_264' title='bbox 107 2636 171 2702; x_wconf 90' lang='lat' dir='ltr'><strong>quis</strong></span> <span class='ocrx_word' id='word_1_265' title='bbox 189 2637 251 2688; x_wconf 87' lang='lat' dir='ltr'><strong>cdd.</strong></span> <span class='ocrx_word' id='word_1_266' title='bbox 268 2640 452 2707; x_wconf 82' lang='lat' dir='ltr'><strong>philosophiae</strong></span> <span class='ocrx_word' id='word_1_267' title='bbox 467 2643 617 2703; x_wconf 80' lang='lat' dir='ltr'><strong>rationalis,</strong></span> <span class='ocrx_word' id='word_1_268' title='bbox 635 2658 716 2708; x_wconf 88' lang='lat' dir='ltr'><strong>qoem</strong></span> <span class='ocrx_word' id='word_1_269' title='bbox 736 2640 848 2692; x_wconf 86' lang='lat' dir='ltr'><strong>tertium</strong></span> <span class='ocrx_word' id='word_1_270' title='bbox 869 2636 1086 2706; x_wconf 88' lang='lat' dir='ltr'><strong>philosophandi</strong></span> <span class='ocrx_word' id='word_1_271' title='bbox 1105 2638 1216 2688; x_wconf 89' lang='lat' dir='ltr'><strong>modum</strong></span> <span class='ocrx_word' id='word_1_272' title='bbox 1236 2637 1279 2689; x_wconf 87' lang='lat' dir='ltr'><strong>di-</strong></span> 
     </span>
     <span class='ocr_line' id='line_1_32' title="bbox 106 2703 1278 2773; baseline 0.001 -18"><span class='ocrx_word' id='word_1_273' title='bbox 106 2703 160 2765; x_wconf 83' lang='lat' dir='ltr'><strong>xit,</strong></span> <span class='ocrx_word' id='word_1_274' title='bbox 186 2704 266 2770; x_wconf 87' lang='lat' dir='ltr'><strong>isque</strong></span> <span class='ocrx_word' id='word_1_275' title='bbox 284 2706 333 2757; x_wconf 93' lang='lat' dir='ltr'><strong>hic</strong></span> <span class='ocrx_word' id='word_1_276' title='bbox 353 2707 560 2759; x_wconf 86' lang='lat' dir='ltr'><strong>desideratnr.“</strong></span> <span class='ocrx_word' id='word_1_277' title='bbox 579 2709 664 2760; x_wconf 83' lang='lat' dir='ltr'><strong>Groa.</strong></span> <span class='ocrx_word' id='word_1_278' title='bbox 706 2706 896 2773; x_wconf 73' lang='lat' dir='ltr'><strong>„Rectissime</strong></span> <span class='ocrx_word' id='word_1_279' title='bbox 913 2706 983 2757; x_wconf 82' lang='lat' dir='ltr'><strong>vidit</strong></span> <span class='ocrx_word' id='word_1_280' title='bbox 999 2705 1157 2757; x_wconf 82' lang='lat' dir='ltr'><strong>Gronovius</strong></span> <span class='ocrx_word' id='word_1_281' title='bbox 1173 2706 1278 2757; x_wconf 89' lang='lat' dir='ltr'><strong>adden-</strong></span> 
     </span>
     <span class='ocr_line' id='line_1_33' title="bbox 107 2771 1276 2845; baseline 0.004 -24"><span class='ocrx_word' id='word_1_282' title='bbox 107 2771 171 2821; x_wconf 89' lang='lat' dir='ltr'><strong>durn</strong></span> <span class='ocrx_word' id='word_1_283' title='bbox 191 2788 253 2823; x_wconf 87' lang='lat' dir='ltr'><strong>esso</strong></span> <span class='ocrx_word' id='word_1_284' title='bbox 270 2775 439 2826; x_wconf 79' lang='lat' dir='ltr'><strong>rationalis.“</strong></span> <span class='ocrx_word' id='word_1_285' title='bbox 456 2775 542 2827; x_wconf 81' lang='lat' dir='ltr'><strong>Zona.</strong></span> <span class='ocrx_word' id='word_1_286' title='bbox 560 2804 595 2815; x_wconf 91' lang='lat'><em>-</em></span> <span class='ocrx_word' id='word_1_287' title='bbox 610 2779 752 2828; x_wconf 83' lang='lat' dir='ltr'><strong>rationalis</strong></span> <span class='ocrx_word' id='word_1_288' title='bbox 766 2775 950 2845; x_wconf 85' lang='lat' dir='ltr'><strong>philosophiae</strong></span> <span class='ocrx_word' id='word_1_289' title='bbox 964 2774 1118 2842; x_wconf 70' lang='lat' dir='ltr'><strong>fastigio</strong></span> <span class='ocrx_word' id='word_1_290' title='bbox 1137 2790 1276 2841; x_wconf 87' lang='lat' dir='ltr'><strong>compre-</strong></span> 
     </span>
     <span class='ocr_line' id='line_1_34' title="bbox 106 2839 740 2897; baseline 0.005 -8"><span class='ocrx_word' id='word_1_291' title='bbox 106 2839 293 2891; x_wconf 76' lang='lat' dir='ltr'><strong>henditR2.</strong></span> <span class='ocrx_word' id='word_1_292' title='bbox 449 2848 489 2896; x_wconf 79' lang='lat' dir='ltr'><strong>lt.</strong></span> <span class='ocrx_word' id='word_1_293' title='bbox 525 2844 740 2897; x_wconf 83' lang='lat' dir='ltr'><strong>uniuersacl’d.</strong></span> 
     </span>
    </p>
   </div>
   <div class='ocr_carea' id='block_1_5' title="bbox 100 2942 1275 4573">
    <p class='ocr_par' dir='ltr' id='par_1_7' title="bbox 100 2942 1275 4573">
     <span class='ocr_line' id='line_1_35' title="bbox 140 2942 1275 3016; baseline 0.004 -24"><span class='ocrx_word' id='word_1_294' title='bbox 140 2945 182 2993; x_wconf 84' lang='lat'><strong>15.</strong></span> <span class='ocrx_word' id='word_1_295' title='bbox 217 2942 421 2998; x_wconf 87' lang='lat' dir='ltr'><strong>hocadiecto..</strong></span> <span class='ocrx_word' id='word_1_296' title='bbox 442 2946 515 3016; x_wconf 83' lang='lat' dir='ltr'><strong>quia]</strong></span> <span class='ocrx_word' id='word_1_297' title='bbox 534 2947 664 3000; x_wconf 85' lang='lat' dir='ltr'><strong>Vid.not.</strong></span> <span class='ocrx_word' id='word_1_298' title='bbox 715 2949 826 3009; x_wconf 83' lang='lat' dir='ltr'><strong>desunt,</strong></span> <span class='ocrx_word' id='word_1_299' title='bbox 844 2945 937 3013; x_wconf 84' lang='lat' dir='ltr'><strong>pnihas</strong></span> <span class='ocrx_word' id='word_1_300' title='bbox 955 2944 1194 2996; x_wconf 84' lang='lat' dir='ltr'><strong>etsaadecreta</strong></span> <span class='ocrx_word' id='word_1_301' title='bbox 1213 2960 1275 3013; x_wconf 84' lang='lat' dir='ltr'><strong>can·</strong></span> 
     </span>
     <span class='ocr_line' id='line_1_36' title="bbox 105 3009 1275 3083; baseline 0 -22"><span class='ocrx_word' id='word_1_302' title='bbox 105 3011 141 3061; x_wconf 85' lang='lat' dir='ltr'><strong>ud</strong></span> <span class='ocrx_word' id='word_1_303' title='bbox 160 3009 183 3071; x_wconf 86' lang='lat'><strong>1,</strong></span> <span class='ocrx_word' id='word_1_304' title='bbox 200 3016 226 3071; x_wconf 82' lang='lat' dir='ltr'><strong>d,</strong></span> <span class='ocrx_word' id='word_1_305' title='bbox 244 3016 287 3063; x_wconf 72' lang='grc'><strong>62.</strong></span> <span class='ocrx_word' id='word_1_306' title='bbox 707 3018 818 3083; x_wconf 80' lang='lat' dir='ltr'><strong>firment</strong></span> <span class='ocrx_word' id='word_1_307' title='bbox 836 3022 861 3066; x_wconf 87' lang='lat' dir='ltr'><strong>et</strong></span> <span class='ocrx_word' id='word_1_308' title='bbox 877 3014 991 3065; x_wconf 84' lang='lat' dir='ltr'><strong>aliorum</strong></span> <span class='ocrx_word' id='word_1_309' title='bbox 1013 3012 1165 3063; x_wconf 75' lang='lat' dir='ltr'><strong>convocant</strong></span> <span class='ocrx_word' id='word_1_310' title='bbox 1189 3020 1213 3063; x_wconf 88' lang='lat' dir='ltr'><strong>et</strong></span> <span class='ocrx_word' id='word_1_311' title='bbox 1231 3014 1275 3062; x_wconf 85' lang='lat' dir='ltr'><strong>la-</strong></span> 
     </span>
     <span class='ocr_line' id='line_1_37' title="bbox 140 3078 1274 3152; baseline -0.001 -23"><span class='ocrx_word' id='word_1_312' title='bbox 140 3094 240 3130; x_wconf 81' lang='lat' dir='ltr'><strong>morum</strong></span> <span class='ocrx_word' id='word_1_313' title='bbox 258 3081 392 3133; x_wconf 84' lang='lat' dir='ltr'><strong>elimatam</strong></span> <span class='ocrx_word' id='word_1_314' title='bbox 407 3083 603 3152; x_wconf 76' lang='lat' dir='ltr'><strong>perfectionem]</strong></span> <span class='ocrx_word' id='word_1_315' title='bbox 621 3082 664 3135; x_wconf 81' lang='lat' dir='ltr'><strong>Gi.</strong></span> <span class='ocrx_word' id='word_1_316' title='bbox 713 3084 847 3147; x_wconf 74' lang='lat' dir='ltr'><strong>tesceiam</strong></span> <span class='ocrx_word' id='word_1_317' title='bbox 864 3082 939 3132; x_wconf 88' lang='lat' dir='ltr'><strong>scita.</strong></span> <span class='ocrx_word' id='word_1_318' title='bbox 975 3078 1051 3130; x_wconf 80' lang='lat' dir='ltr'><strong>Libri</strong></span> <span class='ocrx_word' id='word_1_319' title='bbox 1068 3085 1160 3129; x_wconf 88' lang='lat' dir='ltr'><strong>tamen</strong></span> <span class='ocrx_word' id='word_1_320' title='bbox 1178 3096 1274 3129; x_wconf 83' lang='lat' dir='ltr'><strong>omncs</strong></span> 
     </span>
     <span class='ocr_line' id='line_1_38' title="bbox 105 3145 1274 3219; baseline 0.002 -24"><span class='ocrx_word' id='word_1_321' title='bbox 105 3145 131 3207; x_wconf 87' lang='grc'><strong>1,</strong></span> <span class='ocrx_word' id='word_1_322' title='bbox 159 3149 205 3208; x_wconf 72' lang='grc'><strong>12,</strong></span> <span class='ocrx_word' id='word_1_323' title='bbox 232 3150 272 3198; x_wconf 78' lang='lat' dir='ltr'><strong>lt.</strong></span> <span class='ocrx_word' id='word_1_324' title='bbox 292 3149 338 3199; x_wconf 85' lang='lat' dir='ltr'><strong>ubi</strong></span> <span class='ocrx_word' id='word_1_325' title='bbox 356 3152 480 3201; x_wconf 84' lang='lat' dir='ltr'><strong>meruerit</strong></span> <span class='ocrx_word' id='word_1_326' title='bbox 505 3153 664 3219; x_wconf 80' lang='lat' dir='ltr'><strong>contagione</strong></span> <span class='ocrx_word' id='word_1_327' title='bbox 712 3152 841 3202; x_wconf 82' lang='lat' dir='ltr'><strong>secrctn.“</strong></span> <span class='ocrx_word' id='word_1_328' title='bbox 859 3149 950 3200; x_wconf 74' lang='lat' dir='ltr'><strong>Grion.</strong></span> <span class='ocrx_word' id='word_1_329' title='bbox 968 3176 1003 3187; x_wconf 90' lang='lat'>-</span> <span class='ocrx_word' id='word_1_330' title='bbox 1019 3146 1101 3210; x_wconf 81' lang='lat' dir='ltr'><strong>„Etsi</strong></span> <span class='ocrx_word' id='word_1_331' title='bbox 1117 3162 1274 3214; x_wconf 77' lang='lat' dir='ltr'><strong>nonnegn·</strong></span> 
     </span>
     <span class='ocr_line' id='line_1_39' title="bbox 103 3214 1273 3288; baseline 0 -23"><span class='ocrx_word' id='word_1_332' title='bbox 103 3214 229 3266; x_wconf 82' lang='lat' dir='ltr'><strong>vitiorum</strong></span> <span class='ocrx_word' id='word_1_333' title='bbox 248 3217 354 3283; x_wconf 83' lang='lat' dir='ltr'><strong>penites</strong></span> <span class='ocrx_word' id='word_1_334' title='bbox 380 3218 515 3269; x_wconf 86' lang='lat' dir='ltr'><strong>climata</strong></span> <span class='ocrx_word' id='word_1_335' title='bbox 538 3221 662 3288; x_wconf 80' lang='lat' dir='ltr'><strong>pnrgari,</strong></span> <span class='ocrx_word' id='word_1_336' title='bbox 713 3235 776 3269; x_wconf 92' lang='lat' dir='ltr'><strong>mus</strong></span> <span class='ocrx_word' id='word_1_337' title='bbox 793 3219 896 3269; x_wconf 87' lang='lat' dir='ltr'><strong>decreta</strong></span> <span class='ocrx_word' id='word_1_338' title='bbox 914 3232 1023 3282; x_wconf 88' lang='lat' dir='ltr'><strong>qnoque</strong></span> <span class='ocrx_word' id='word_1_339' title='bbox 1041 3216 1214 3265; x_wconf 86' lang='lat' dir='ltr'><strong>cosnmodum</strong></span> <span class='ocrx_word' id='word_1_340' title='bbox 1232 3215 1273 3265; x_wconf 81' lang='lat' dir='ltr'><strong>af-</strong></span> 
     </span>
     <span class='ocr_line' id='line_1_40' title="bbox 104 3282 1273 3353; baseline 0.001 -21"><span class='ocrx_word' id='word_1_341' title='bbox 104 3288 133 3333; x_wconf 89' lang='lat' dir='ltr'><strong>ct</strong></span> <span class='ocrx_word' id='word_1_342' title='bbox 150 3283 209 3333; x_wconf 77' lang='lat' dir='ltr'><strong>Act.</strong></span> <span class='ocrx_word' id='word_1_343' title='bbox 225 3282 287 3333; x_wconf 89' lang='lat' dir='ltr'><strong>Soc.</strong></span> <span class='ocrx_word' id='word_1_344' title='bbox 304 3284 351 3335; x_wconf 83' lang='lat' dir='ltr'><strong>Gr.</strong></span> <span class='ocrx_word' id='word_1_345' title='bbox 370 3282 444 3351; x_wconf 81' lang='lat' dir='ltr'><strong>Lips.</strong></span> <span class='ocrx_word' id='word_1_346' title='bbox 463 3286 486 3347; x_wconf 93' lang='lat' dir='ltr'><strong>l,</strong></span> <span class='ocrx_word' id='word_1_347' title='bbox 506 3304 529 3353; x_wconf 93' lang='lat' dir='ltr'><strong>p.</strong></span> <span class='ocrx_word' id='word_1_348' title='bbox 545 3290 579 3337; x_wconf 79' lang='lat'><strong>³³</strong></span> <span class='ocrx_word' id='word_1_349' title='bbox 596 3289 626 3337; x_wconf 79' lang='grc' dir='ltr'><strong>Α.</strong></span> <span class='ocrx_word' id='word_1_350' title='bbox 712 3286 798 3337; x_wconf 85' lang='lat' dir='ltr'><strong>licere</strong></span> <span class='ocrx_word' id='word_1_351' title='bbox 815 3301 944 3336; x_wconf 84' lang='lat' dir='ltr'><strong>sensnm:</strong></span> <span class='ocrx_word' id='word_1_352' title='bbox 963 3290 1063 3335; x_wconf 86' lang='lat' dir='ltr'><strong>secreta</strong></span> <span class='ocrx_word' id='word_1_353' title='bbox 1081 3289 1184 3344; x_wconf 86' lang='lat' dir='ltr'><strong>temen,</strong></span> <span class='ocrx_word' id='word_1_354' title='bbox 1201 3298 1273 3348; x_wconf 83' lang='lat' dir='ltr'><strong>quse</strong></span> 
     </span>
     <span class='ocr_line' id='line_1_41' title="bbox 138 3350 1274 3420; baseline -0.001 -20"><span class='ocrx_word' id='word_1_355' title='bbox 138 3353 180 3400; x_wconf 87' lang='lat' dir='ltr'><strong>lo.</strong></span> <span class='ocrx_word' id='word_1_356' title='bbox 214 3352 265 3402; x_wconf 77' lang='lat' dir='ltr'><strong>itta</strong></span> <span class='ocrx_word' id='word_1_357' title='bbox 293 3353 331 3401; x_wconf 86' lang='lat' dir='ltr'><strong>cd</strong></span> <span class='ocrx_word' id='word_1_358' title='bbox 360 3354 471 3403; x_wconf 73' lang='lat' dir='ltr'><strong>arinates</strong></span> <span class='ocrx_word' id='word_1_359' title='bbox 497 3371 663 3420; x_wconf 81' lang='lat' dir='ltr'><strong>amoremque</strong></span> <span class='ocrx_word' id='word_1_360' title='bbox 712 3359 810 3405; x_wconf 87' lang='lat' dir='ltr'><strong>estant</strong></span> <span class='ocrx_word' id='word_1_361' title='bbox 835 3352 863 3404; x_wconf 90' lang='lat' dir='ltr'><strong>in</strong></span> <span class='ocrx_word' id='word_1_362' title='bbox 892 3351 958 3403; x_wconf 88' lang='lat' dir='ltr'><strong>edit.</strong></span> <span class='ocrx_word' id='word_1_363' title='bbox 989 3359 1059 3413; x_wconf 76' lang='lat' dir='ltr'><strong>vot,</strong></span> <span class='ocrx_word' id='word_1_364' title='bbox 1092 3350 1274 3415; x_wconf 81' lang='lat' dir='ltr'><strong>praeterendo</strong></span> 
     </span>
     <span class='ocr_line' id='line_1_42' title="bbox 122 3417 1271 3486; baseline -0.001 -18"><span class='ocrx_word' id='word_1_365' title='bbox 122 3419 252 3469; x_wconf 80' lang='lat' dir='ltr'><strong>atriae..</strong></span> <span class='ocrx_word' id='word_1_366' title='bbox 271 3419 433 3486; x_wconf 82' lang='lat' dir='ltr'><strong>adhortatio]</strong></span> <span class='ocrx_word' id='word_1_367' title='bbox 453 3420 661 3483; x_wconf 74' lang='lat' dir='ltr'><strong>essenon,</strong></span> <span class='ocrx_word' id='word_1_368' title='bbox 712 3422 760 3471; x_wconf 90' lang='lat' dir='ltr'><strong>hic</strong></span> <span class='ocrx_word' id='word_1_369' title='bbox 791 3437 853 3473; x_wconf 88' lang='lat' dir='ltr'><strong>esse</strong></span> <span class='ocrx_word' id='word_1_370' title='bbox 887 3421 1024 3471; x_wconf 88' lang='lat' dir='ltr'><strong>videntur.</strong></span> <span class='ocrx_word' id='word_1_371' title='bbox 1071 3417 1182 3468; x_wconf 81' lang='lat' dir='ltr'><strong>Etenim</strong></span> <span class='ocrx_word' id='word_1_372' title='bbox 1218 3433 1271 3469; x_wconf 90' lang='lat' dir='ltr'><strong>non</strong></span> 
     </span>
     <span class='ocr_line' id='line_1_43' title="bbox 101 3435 1271 3555; baseline 0.003 -21"><span class='ocrx_word' id='word_1_373' title='bbox 101 3435 155 3548; x_wconf 76' lang='lat' dir='ltr'><strong>lll,</strong></span> <span class='ocrx_word' id='word_1_374' title='bbox 174 3485 234 3551; x_wconf 89' lang='lat' dir='ltr'><strong>Vll,</strong></span> <span class='ocrx_word' id='word_1_375' title='bbox 252 3489 288 3549; x_wconf 83' lang='grc'><strong>5.,</strong></span> <span class='ocrx_word' id='word_1_376' title='bbox 307 3486 398 3552; x_wconf 70' lang='lat' dir='ltr'>1X‚2.</span> <span class='ocrx_word' id='word_1_377' title='bbox 434 3489 470 3538; x_wconf 85' lang='lat' dir='ltr'><strong>ad</strong></span> <span class='ocrx_word' id='word_1_378' title='bbox 487 3496 661 3555; x_wconf 85' lang='lat' dir='ltr'><strong>contemptum</strong></span> <span class='ocrx_word' id='word_1_379' title='bbox 712 3490 803 3540; x_wconf 88' lang='lat' dir='ltr'><strong>solum</strong></span> <span class='ocrx_word' id='word_1_380' title='bbox 827 3489 855 3539; x_wconf 93' lang='lat' dir='ltr'><strong>id</strong></span> <span class='ocrx_word' id='word_1_381' title='bbox 881 3502 980 3539; x_wconf 90' lang='lat' dir='ltr'><strong>nomen</strong></span> <span class='ocrx_word' id='word_1_382' title='bbox 1006 3486 1047 3537; x_wconf 89' lang='lat' dir='ltr'><strong>rei</strong></span> <span class='ocrx_word' id='word_1_383' title='bbox 1073 3492 1203 3549; x_wconf 80' lang='lat' dir='ltr'><strong>naturae,</strong></span> <span class='ocrx_word' id='word_1_384' title='bbox 1236 3486 1271 3537; x_wconf 88' lang='lat' dir='ltr'><strong>de</strong></span> 
     </span>
     <span class='ocr_line' id='line_1_44' title="bbox 126 3552 1272 3622; baseline 0 -19"><span class='ocrx_word' id='word_1_385' title='bbox 126 3552 218 3620; x_wconf 82' lang='lat' dir='ltr'><strong>toriae]</strong></span> <span class='ocrx_word' id='word_1_386' title='bbox 240 3552 276 3603; x_wconf 83' lang='lat' dir='ltr'><strong>vt</strong></span> <span class='ocrx_word' id='word_1_387' title='bbox 298 3571 338 3619; x_wconf 86' lang='lat' dir='ltr'><strong>sq.</strong></span> <span class='ocrx_word' id='word_1_388' title='bbox 393 3554 426 3605; x_wconf 88' lang='lat' dir='ltr'><strong>de</strong></span> <span class='ocrx_word' id='word_1_389' title='bbox 447 3555 552 3622; x_wconf 87' lang='lat' dir='ltr'><strong>sphocr.</strong></span> <span class='ocrx_word' id='word_1_390' title='bbox 573 3556 660 3622; x_wconf 90' lang='lat' dir='ltr'><strong>modo]</strong></span> <span class='ocrx_word' id='word_1_391' title='bbox 711 3573 766 3622; x_wconf 87' lang='lat' dir='ltr'><strong>qna</strong></span> <span class='ocrx_word' id='word_1_392' title='bbox 785 3573 877 3607; x_wconf 90' lang='lat' dir='ltr'><strong>sermo</strong></span> <span class='ocrx_word' id='word_1_393' title='bbox 895 3562 946 3618; x_wconf 86' lang='lat' dir='ltr'><strong>est,</strong></span> <span class='ocrx_word' id='word_1_394' title='bbox 964 3553 1200 3605; x_wconf 76' lang='lat' dir='ltr'><strong>accommodatius</strong></span> <span class='ocrx_word' id='word_1_395' title='bbox 1218 3561 1272 3616; x_wconf 88' lang='lat' dir='ltr'><strong>est,</strong></span> 
     </span>
     <span class='ocr_line' id='line_1_45' title="bbox 102 3570 1269 3689; baseline 0.001 -18"><span class='ocrx_word' id='word_1_396' title='bbox 102 3570 140 3671; x_wconf 61' lang='lat' dir='ltr'><strong>hv</strong></span> <span class='ocrx_word' id='word_1_397' title='bbox 159 3637 200 3685; x_wconf 82' lang='lat' dir='ltr'><strong>sq.</strong></span> <span class='ocrx_word' id='word_1_398' title='bbox 234 3621 403 3673; x_wconf 84' lang='lat' dir='ltr'><strong>denovitote</strong></span> <span class='ocrx_word' id='word_1_399' title='bbox 420 3624 545 3689; x_wconf 86' lang='lat' dir='ltr'><strong>siderum]</strong></span> <span class='ocrx_word' id='word_1_400' title='bbox 565 3623 617 3688; x_wconf 87' lang='lat'><strong>111,</strong></span> <span class='ocrx_word' id='word_1_401' title='bbox 635 3631 660 3676; x_wconf 78' lang='grc'><strong>7.</strong></span> <span class='ocrx_word' id='word_1_402' title='bbox 711 3626 762 3675; x_wconf 89' lang='lat' dir='ltr'><strong>sed</strong></span> <span class='ocrx_word' id='word_1_403' title='bbox 793 3624 877 3675; x_wconf 84' lang='lat' dir='ltr'><strong>etiarn</strong></span> <span class='ocrx_word' id='word_1_404' title='bbox 908 3628 1018 3684; x_wconf 82' lang='lat' dir='ltr'><strong>auctor,</strong></span> <span class='ocrx_word' id='word_1_405' title='bbox 1054 3638 1116 3671; x_wconf 91' lang='lat' dir='ltr'><strong>cum</strong></span> <span class='ocrx_word' id='word_1_406' title='bbox 1148 3630 1213 3673; x_wconf 84' lang='lat' dir='ltr'><strong>ento</strong></span> <span class='ocrx_word' id='word_1_407' title='bbox 1241 3621 1269 3672; x_wconf 90' lang='lat' dir='ltr'><strong>in</strong></span> 
     </span>
     <span class='ocr_line' id='line_1_46' title="bbox 103 3688 1270 3758; baseline 0.001 -19"><span class='ocrx_word' id='word_1_408' title='bbox 103 3689 136 3739; x_wconf 88' lang='lat' dir='ltr'><strong>de</strong></span> <span class='ocrx_word' id='word_1_409' title='bbox 154 3690 239 3754; x_wconf 82' lang='lat' dir='ltr'><strong>princ.</strong></span> <span class='ocrx_word' id='word_1_410' title='bbox 263 3688 336 3754; x_wconf 84' lang='lat' dir='ltr'><strong>nolis]</strong></span> <span class='ocrx_word' id='word_1_411' title='bbox 364 3689 414 3753; x_wconf 68' lang='lat' dir='ltr'><strong>lv,</strong></span> <span class='ocrx_word' id='word_1_412' title='bbox 435 3693 461 3739; x_wconf 74' lang='lat'><strong>2.</strong></span> <span class='ocrx_word' id='word_1_413' title='bbox 505 3692 581 3743; x_wconf 84' lang='lat' dir='ltr'><strong>circis</strong></span> <span class='ocrx_word' id='word_1_414' title='bbox 601 3709 661 3744; x_wconf 88' lang='lat' dir='ltr'><strong>cac·</strong></span> <span class='ocrx_word' id='word_1_415' title='bbox 711 3692 910 3745; x_wconf 85' lang='lat' dir='ltr'><strong>distributione</strong></span> <span class='ocrx_word' id='word_1_416' title='bbox 926 3688 1133 3758; x_wconf 85' lang='lat' dir='ltr'><strong>philosophiae,</strong></span> <span class='ocrx_word' id='word_1_417' title='bbox 1147 3695 1204 3739; x_wconf 91' lang='lat' dir='ltr'><strong>tnm</strong></span> <span class='ocrx_word' id='word_1_418' title='bbox 1222 3690 1270 3741; x_wconf 91' lang='lat' dir='ltr'><strong>hic</strong></span> 
     </span>
     <span class='ocr_line' id='line_1_47' title="bbox 101 3755 1269 3827; baseline 0.002 -21"><span class='ocrx_word' id='word_1_419' title='bbox 101 3755 332 3820; x_wconf 59' lang='lat' dir='ltr'><strong>continentius.</strong></span> <span class='ocrx_word' id='word_1_420' title='bbox 367 3757 533 3826; x_wconf 79' lang='lat' dir='ltr'><strong>singulisque</strong></span> <span class='ocrx_word' id='word_1_421' title='bbox 548 3760 661 3827; x_wconf 76' lang='lat' dir='ltr'><strong>terrast]</strong></span> <span class='ocrx_word' id='word_1_422' title='bbox 710 3760 739 3811; x_wconf 92' lang='lat' dir='ltr'><strong>in</strong></span> <span class='ocrx_word' id='word_1_423' title='bbox 765 3758 922 3811; x_wconf 84' lang='lat' dir='ltr'><strong>delinienda</strong></span> <span class='ocrx_word' id='word_1_424' title='bbox 944 3759 1061 3827; x_wconf 79' lang='lat' dir='ltr'><strong>physice</strong></span> <span class='ocrx_word' id='word_1_425' title='bbox 1086 3757 1269 3809; x_wconf 85' lang='lat' dir='ltr'><strong>hauddubie</strong></span> 
     </span>
     <span class='ocr_line' id='line_1_48' title="bbox 102 3823 1267 3895; baseline 0.001 -22"><span class='ocrx_word' id='word_1_426' title='bbox 102 3823 243 3889; x_wconf 48' lang='grc' dir='ltr'><strong>Ἥβη.</strong></span> <span class='ocrx_word' id='word_1_427' title='bbox 278 3825 369 3875; x_wconf 87' lang='lat' dir='ltr'><strong>occani</strong></span> <span class='ocrx_word' id='word_1_428' title='bbox 387 3824 449 3892; x_wconf 83' lang='lat' dir='ltr'><strong>sito]</strong></span> <span class='ocrx_word' id='word_1_429' title='bbox 473 3826 519 3890; x_wconf 86' lang='lat' dir='ltr'><strong>vt,</strong></span> <span class='ocrx_word' id='word_1_430' title='bbox 537 3831 563 3877; x_wconf 80' lang='grc'><strong>11.</strong></span> <span class='ocrx_word' id='word_1_431' title='bbox 598 3828 661 3879; x_wconf 85' lang='lat' dir='ltr'><strong>hor·</strong></span> <span class='ocrx_word' id='word_1_432' title='bbox 709 3828 782 3879; x_wconf 89' lang='lat' dir='ltr'><strong>illud</strong></span> <span class='ocrx_word' id='word_1_433' title='bbox 799 3825 943 3880; x_wconf 81' lang='lat' dir='ltr'><strong>ciceronis</strong></span> <span class='ocrx_word' id='word_1_434' title='bbox 962 3828 1007 3895; x_wconf 88' lang='lat' dir='ltr'><strong>[de</strong></span> <span class='ocrx_word' id='word_1_435' title='bbox 1024 3832 1095 3877; x_wconf 88' lang='lat' dir='ltr'><strong>orat.</strong></span> <span class='ocrx_word' id='word_1_436' title='bbox 1112 3824 1135 3889; x_wconf 88' lang='lat'><strong>1,</strong></span> <span class='ocrx_word' id='word_1_437' title='bbox 1154 3828 1196 3888; x_wconf 88' lang='grc'><strong>16,</strong></span> <span class='ocrx_word' id='word_1_438' title='bbox 1213 3825 1267 3891; x_wconf 82' lang='grc'><strong>68.]</strong></span> 
     </span>
     <span class='ocr_line' id='line_1_49' title="bbox 101 3892 1269 3961; baseline 0 -18"><span class='ocrx_word' id='word_1_439' title='bbox 101 3892 208 3943; x_wconf 85' lang='lat' dir='ltr'><strong>sunnine</strong></span> <span class='ocrx_word' id='word_1_440' title='bbox 225 3892 358 3958; x_wconf 74' lang='lat' dir='ltr'><strong>creperum]</strong></span> <span class='ocrx_word' id='word_1_441' title='bbox 382 3893 412 3943; x_wconf 78' lang='lat' dir='ltr'><strong>V.</strong></span> <span class='ocrx_word' id='word_1_442' title='bbox 455 3894 488 3944; x_wconf 88' lang='lat' dir='ltr'><strong>de</strong></span> <span class='ocrx_word' id='word_1_443' title='bbox 506 3903 577 3947; x_wconf 85' lang='lat' dir='ltr'><strong>motu</strong></span> <span class='ocrx_word' id='word_1_444' title='bbox 599 3897 660 3947; x_wconf 88' lang='lat' dir='ltr'><strong>ani·</strong></span> <span class='ocrx_word' id='word_1_445' title='bbox 710 3896 838 3948; x_wconf 86' lang='lat' dir='ltr'><strong>inritatos</strong></span> <span class='ocrx_word' id='word_1_446' title='bbox 866 3902 921 3947; x_wconf 89' lang='lat' dir='ltr'><strong>est:</strong></span> <span class='ocrx_word' id='word_1_447' title='bbox 960 3894 1131 3961; x_wconf 79' lang='lat' dir='ltr'><strong>Philosophia</strong></span> <span class='ocrx_word' id='word_1_448' title='bbox 1157 3893 1186 3942; x_wconf 89' lang='lat' dir='ltr'><strong>in</strong></span> <span class='ocrx_word' id='word_1_449' title='bbox 1215 3899 1269 3943; x_wconf 86' lang='lat' dir='ltr'><strong>tres</strong></span> 
     </span>
     <span class='ocr_line' id='line_1_50' title="bbox 101 3959 1268 4030; baseline 0 -19"><span class='ocrx_word' id='word_1_450' title='bbox 101 3959 172 4026; x_wconf 88' lang='lat' dir='ltr'><strong>mac]</strong></span> <span class='ocrx_word' id='word_1_451' title='bbox 198 3959 272 4021; x_wconf 88' lang='lat' dir='ltr'><strong>Vlll,</strong></span> <span class='ocrx_word' id='word_1_452' title='bbox 290 3963 308 4009; x_wconf 76' lang='lat'><em>2</em></span> <span class='ocrx_word' id='word_1_453' title='bbox 325 3977 383 4026; x_wconf 86' lang='lat' dir='ltr'><strong>sqq.</strong></span> <span class='ocrx_word' id='word_1_454' title='bbox 707 3973 799 4030; x_wconf 87' lang='lat' dir='ltr'><strong>partes</strong></span> <span class='ocrx_word' id='word_1_455' title='bbox 822 3965 964 4015; x_wconf 85' lang='lat' dir='ltr'><strong>distributa</strong></span> <span class='ocrx_word' id='word_1_456' title='bbox 987 3970 1039 4013; x_wconf 80' lang='lat' dir='ltr'><strong>est:</strong></span> <span class='ocrx_word' id='word_1_457' title='bbox 1075 3962 1103 4011; x_wconf 93' lang='lat' dir='ltr'><strong>in</strong></span> <span class='ocrx_word' id='word_1_458' title='bbox 1126 3967 1268 4011; x_wconf 80' lang='lat' dir='ltr'><strong>naturae</strong></span> 
     </span>
     <span class='ocr_line' id='line_1_51' title="bbox 135 4026 1267 4095; baseline 0 -18"><span class='ocrx_word' id='word_1_459' title='bbox 135 4026 269 4095; x_wconf 85' lang='lat' dir='ltr'><strong>superam]</strong></span> <span class='ocrx_word' id='word_1_460' title='bbox 288 4027 307 4078; x_wconf 89' lang='lat' dir='ltr'><strong>i.</strong></span> <span class='ocrx_word' id='word_1_461' title='bbox 326 4045 350 4079; x_wconf 82' lang='lat' dir='ltr'><strong>e.</strong></span> <span class='ocrx_word' id='word_1_462' title='bbox 367 4030 582 4094; x_wconf 84' lang='lat' dir='ltr'><strong>‚,superornrn.“</strong></span> <span class='ocrx_word' id='word_1_463' title='bbox 616 4028 658 4081; x_wconf 80' lang='lat' dir='ltr'><strong>(li.</strong></span> <span class='ocrx_word' id='word_1_464' title='bbox 710 4032 957 4094; x_wconf 82' lang='lat' dir='ltr'><strong>obscuritatem,</strong></span> <span class='ocrx_word' id='word_1_465' title='bbox 976 4032 1003 4081; x_wconf 89' lang='lat' dir='ltr'><strong>in</strong></span> <span class='ocrx_word' id='word_1_466' title='bbox 1022 4028 1167 4080; x_wconf 88' lang='lat' dir='ltr'><strong>disserendi</strong></span> <span class='ocrx_word' id='word_1_467' title='bbox 1185 4028 1267 4079; x_wconf 86' lang='lat' dir='ltr'><strong>sabti-</strong></span> 
     </span>
     <span class='ocr_line' id='line_1_52' title="bbox 101 4094 1270 4164; baseline -0.002 -19"><span class='ocrx_word' id='word_1_468' title='bbox 101 4094 155 4159; x_wconf 68' lang='lat' dir='ltr'><strong>§th</strong></span> <span class='ocrx_word' id='word_1_469' title='bbox 172 4104 273 4147; x_wconf 66' lang='lat' dir='ltr'><strong>nectus</strong></span> <span class='ocrx_word' id='word_1_470' title='bbox 290 4097 327 4147; x_wconf 87' lang='lat' dir='ltr'><strong>ad</strong></span> <span class='ocrx_word' id='word_1_471' title='bbox 344 4113 474 4164; x_wconf 81' lang='lat' dir='ltr'><strong>supera,</strong></span> <span class='ocrx_word' id='word_1_472' title='bbox 492 4103 521 4147; x_wconf 89' lang='lat' dir='ltr'><strong>ct</strong></span> <span class='ocrx_word' id='word_1_473' title='bbox 539 4096 561 4159; x_wconf 93' lang='lat' dir='ltr'><strong>l,</strong></span> <span class='ocrx_word' id='word_1_474' title='bbox 580 4100 620 4160; x_wconf 73' lang='lat'><strong>12,</strong></span> <span class='ocrx_word' id='word_1_475' title='bbox 634 4102 659 4149; x_wconf 86' lang='lat' dir='ltr'><strong>a.</strong></span> <span class='ocrx_word' id='word_1_476' title='bbox 708 4101 823 4163; x_wconf 85' lang='lat' dir='ltr'><strong>litatem,</strong></span> <span class='ocrx_word' id='word_1_477' title='bbox 849 4100 877 4151; x_wconf 87' lang='lat' dir='ltr'><strong>in</strong></span> <span class='ocrx_word' id='word_1_478' title='bbox 894 4101 978 4151; x_wconf 87' lang='lat' dir='ltr'><strong>citam</strong></span> <span class='ocrx_word' id='word_1_479' title='bbox 997 4106 1184 4164; x_wconf 83' lang='lat' dir='ltr'><strong>atquemores.</strong></span> <span class='ocrx_word' id='word_1_480' title='bbox 1218 4094 1270 4145; x_wconf 85' lang='lat' dir='ltr'><strong>Vi-</strong></span> 
     </span>
     <span class='ocr_line' id='line_1_53' title="bbox 101 4162 1267 4235; baseline 0 -23"><span class='ocrx_word' id='word_1_481' title='bbox 101 4162 225 4215; x_wconf 85' lang='lat' dir='ltr'><strong>aidentar</strong></span> <span class='ocrx_word' id='word_1_482' title='bbox 245 4164 301 4215; x_wconf 90' lang='lat' dir='ltr'><strong>iam</strong></span> <span class='ocrx_word' id='word_1_483' title='bbox 317 4181 335 4215; x_wconf 83' lang='lat' dir='ltr'><strong>n</strong></span> <span class='ocrx_word' id='word_1_484' title='bbox 352 4165 480 4232; x_wconf 85' lang='lat' dir='ltr'><strong>superis</strong></span> <span class='ocrx_word' id='word_1_485' title='bbox 497 4166 642 4217; x_wconf 85' lang='lat' dir='ltr'><strong>recessisse.</strong></span> <span class='ocrx_word' id='word_1_486' title='bbox 709 4167 759 4217; x_wconf 91' lang='lat' dir='ltr'><strong>des</strong></span> <span class='ocrx_word' id='word_1_487' title='bbox 780 4166 871 4235; x_wconf 77' lang='lat' dir='ltr'><strong>igitur</strong></span> <span class='ocrx_word' id='word_1_488' title='bbox 896 4175 1011 4220; x_wconf 84' lang='lat' dir='ltr'><strong>naturas</strong></span> <span class='ocrx_word' id='word_1_489' title='bbox 1034 4164 1215 4215; x_wconf 81' lang='lat' dir='ltr'><strong>obscuritatem</strong></span> <span class='ocrx_word' id='word_1_490' title='bbox 1239 4164 1267 4213; x_wconf 86' lang='lat' dir='ltr'><strong>et</strong></span> 
     </span>
     <span class='ocr_line' id='line_1_54' title="bbox 134 4230 1267 4301; baseline 0 -21"><span class='ocrx_word' id='word_1_491' title='bbox 134 4232 258 4297; x_wconf 74' lang='lat' dir='ltr'><strong>physicae</strong></span> <span class='ocrx_word' id='word_1_492' title='bbox 280 4231 390 4298; x_wconf 82' lang='lat' dir='ltr'><strong>secreta]</strong></span> <span class='ocrx_word' id='word_1_493' title='bbox 417 4231 601 4296; x_wconf 83' lang='lat' dir='ltr'><strong>‚,bactontins</strong></span> <span class='ocrx_word' id='word_1_494' title='bbox 627 4232 657 4295; x_wconf 80' lang='lat' dir='ltr'><strong>V,</strong></span> <span class='ocrx_word' id='word_1_495' title='bbox 707 4235 832 4301; x_wconf 76' lang='lat' dir='ltr'><strong>physicae</strong></span> <span class='ocrx_word' id='word_1_496' title='bbox 853 4242 952 4287; x_wconf 84' lang='lat' dir='ltr'><strong>secreta</strong></span> <span class='ocrx_word' id='word_1_497' title='bbox 975 4231 1044 4283; x_wconf 86' lang='lat' dir='ltr'><strong>sotis</strong></span> <span class='ocrx_word' id='word_1_498' title='bbox 1069 4230 1124 4281; x_wconf 90' lang='lat' dir='ltr'><strong>sibi</strong></span> <span class='ocrx_word' id='word_1_499' title='bbox 1150 4246 1267 4294; x_wconf 86' lang='lat' dir='ltr'><strong>respon-</strong></span> 
     </span>
     <span class='ocr_line' id='line_1_55' title="bbox 103 4298 1265 4368; baseline 0.003 -23"><span class='ocrx_word' id='word_1_500' title='bbox 103 4298 145 4345; x_wconf 81' lang='grc'><strong>11.</strong></span> <span class='ocrx_word' id='word_1_501' title='bbox 166 4298 254 4349; x_wconf 81' lang='lat' dir='ltr'><strong>Voluit</strong></span> <span class='ocrx_word' id='word_1_502' title='bbox 272 4300 407 4351; x_wconf 81' lang='lat' dir='ltr'><strong>ostendere</strong></span> <span class='ocrx_word' id='word_1_503' title='bbox 424 4301 508 4351; x_wconf 82' lang='lat' dir='ltr'><strong>latere</strong></span> <span class='ocrx_word' id='word_1_504' title='bbox 524 4300 553 4351; x_wconf 90' lang='lat' dir='ltr'><strong>in</strong></span> <span class='ocrx_word' id='word_1_505' title='bbox 569 4302 659 4354; x_wconf 82' lang='lat' dir='ltr'><strong>abdito</strong></span> <span class='ocrx_word' id='word_1_506' title='bbox 709 4303 790 4365; x_wconf 88' lang='lat' dir='ltr'><strong>dere,</strong></span> <span class='ocrx_word' id='word_1_507' title='bbox 819 4303 891 4368; x_wconf 91' lang='lat' dir='ltr'><strong>qnod</strong></span> <span class='ocrx_word' id='word_1_508' title='bbox 915 4302 950 4353; x_wconf 86' lang='lat' dir='ltr'><strong>dc</strong></span> <span class='ocrx_word' id='word_1_509' title='bbox 971 4298 1093 4351; x_wconf 84' lang='lat' dir='ltr'><strong>decretis</strong></span> <span class='ocrx_word' id='word_1_510' title='bbox 1114 4315 1167 4351; x_wconf 91' lang='lat' dir='ltr'><strong>nou</strong></span> <span class='ocrx_word' id='word_1_511' title='bbox 1191 4298 1265 4350; x_wconf 90' lang='lat' dir='ltr'><strong>idern</strong></span> 
     </span>
     <span class='ocr_line' id='line_1_56' title="bbox 101 4362 1081 4435; baseline 0.003 -20"><span class='ocrx_word' id='word_1_512' title='bbox 101 4362 252 4425; x_wconf 68' lang='lat' dir='ltr'><strong>achatem,</strong></span> <span class='ocrx_word' id='word_1_513' title='bbox 276 4375 306 4418; x_wconf 80' lang='lat' dir='ltr'><strong>ut</strong></span> <span class='ocrx_word' id='word_1_514' title='bbox 323 4369 341 4419; x_wconf 92' lang='lat' dir='ltr'><strong>d</strong></span> <span class='ocrx_word' id='word_1_515' title='bbox 348 4374 485 4419; x_wconf 84' lang='lat' dir='ltr'><strong>coretum</strong></span> <span class='ocrx_word' id='word_1_516' title='bbox 502 4368 661 4435; x_wconf 79' lang='lat' dir='ltr'><strong>disciplinae</strong></span> <span class='ocrx_word' id='word_1_517' title='bbox 708 4375 753 4423; x_wconf 87' lang='lat' dir='ltr'><strong>cst</strong></span> <span class='ocrx_word' id='word_1_518' title='bbox 768 4369 975 4422; x_wconf 73' lang='lat' dir='ltr'><strong>statuendum.“</strong></span> <span class='ocrx_word' id='word_1_519' title='bbox 995 4367 1081 4419; x_wconf 74' lang='lat' dir='ltr'><strong>usos.</strong></span> 
     </span>
     <span class='ocr_line' id='line_1_57' title="bbox 101 4434 1266 4508; baseline 0 -24"><span class='ocrx_word' id='word_1_520' title='bbox 101 4446 167 4484; x_wconf 77' lang='lat' dir='ltr'><strong>scae</strong></span> <span class='ocrx_word' id='word_1_521' title='bbox 183 4437 308 4484; x_wconf 82' lang='lat' dir='ltr'><strong>tueretur.</strong></span> <span class='ocrx_word' id='word_1_522' title='bbox 340 4436 480 4487; x_wconf 79' lang='lat' dir='ltr'><strong>hmahiss</strong></span> <span class='ocrx_word' id='word_1_523' title='bbox 505 4436 556 4488; x_wconf 85' lang='lat' dir='ltr'><strong>tit.</strong></span> <span class='ocrx_word' id='word_1_524' title='bbox 576 4435 603 4487; x_wconf 94' lang='lat' dir='ltr'><strong>ll</strong></span> <span class='ocrx_word' id='word_1_525' title='bbox 622 4436 658 4502; x_wconf 88' lang='lat' dir='ltr'><strong>[c.</strong></span> <span class='ocrx_word' id='word_1_526' title='bbox 745 4441 785 4492; x_wconf 82' lang='lat' dir='ltr'><strong>tt.</strong></span> <span class='ocrx_word' id='word_1_527' title='bbox 820 4436 976 4508; x_wconf 84' lang='lat' dir='ltr'><strong>integritus]</strong></span> <span class='ocrx_word' id='word_1_528' title='bbox 1004 4435 1065 4489; x_wconf 83' lang='lat' dir='ltr'><strong>Vid.</strong></span> <span class='ocrx_word' id='word_1_529' title='bbox 1095 4439 1151 4488; x_wconf 88' lang='lat' dir='ltr'><strong>not.</strong></span> <span class='ocrx_word' id='word_1_530' title='bbox 1180 4434 1215 4485; x_wconf 85' lang='lat' dir='ltr'><strong>nd</strong></span> <span class='ocrx_word' id='word_1_531' title='bbox 1242 4452 1266 4485; x_wconf 86' lang='lat' dir='ltr'><strong>c.</strong></span> 
     </span>
     <span class='ocr_line' id='line_1_58' title="bbox 100 4497 827 4573; baseline 0.011 -22"><span class='ocrx_word' id='word_1_532' title='bbox 100 4497 156 4565; x_wconf 70' lang='lat' dir='ltr'><strong>hd]</strong></span> <span class='ocrx_word' id='word_1_533' title='bbox 182 4499 288 4553; x_wconf 74' lang='lat' dir='ltr'><strong>Cunctis</strong></span> <span class='ocrx_word' id='word_1_534' title='bbox 312 4508 400 4557; x_wconf 83' lang='lat' dir='ltr'><strong>tames</strong></span> <span class='ocrx_word' id='word_1_535' title='bbox 421 4512 583 4573; x_wconf 79' lang='lat' dir='ltr'><strong>argumento</strong></span> <span class='ocrx_word' id='word_1_536' title='bbox 605 4522 659 4559; x_wconf 87' lang='lat' dir='ltr'><strong>non</strong></span> <span class='ocrx_word' id='word_1_537' title='bbox 710 4506 756 4571; x_wconf 80' lang='lat' dir='ltr'><strong>rt,</strong></span> <span class='ocrx_word' id='word_1_538' title='bbox 774 4504 787 4573; x_wconf 68' lang='grc'><strong>5</strong></span> <span class='ocrx_word' id='word_1_539' title='bbox 802 4506 827 4558; x_wconf 81' lang='grc' dir='ltr'><strong>θ.</strong></span> 
     </span>
    </p>
   </div>
   <div class='ocr_carea' id='block_1_6' title="bbox 0 0 1480 4992">
    <p class='ocr_par' dir='ltr' id='par_1_8' title="bbox 0 0 1480 4992">
     <span class='ocr_line' id='line_1_59' title="bbox 0 0 1480 4992; baseline 0 5"><span class='ocrx_word' id='word_1_540' title='bbox 0 0 1480 4992; x_wconf 95' lang='lat' dir='ltr'><strong> </strong></span> 
     </span>
    </p>
   </div>
  </div>
 </body>
</html>
