2950 4992
286 131 423 201 COMM-
444 130 488 200 IN
509 128 638 198 solut.
658 126 758 196 SCIP.
799 132 919 196 LlB.L
963 132 1053 201 CAP.
1073 133 1126 200 ΙΙΙ.
1244 134 1287 201 29

115 300 176 365 Est
188 302 365 387 proprium,
399 300 472 385 quia
489 298 528 363 ad
549 318 660 383 supera
679 298 746 383 ipse
765 298 931 383 perductus
951 305 999 364 est
1018 308 1050 366 et
1067 301 1105 367 de
1129 321 1162 366 se
1181 300 1285 369 futura

118 386 276 468 cognorit:
307 395 355 449 est
372 386 518 459 nlieuum,
545 383 629 468 quod
650 404 744 468 quem
767 390 880 447 statum
902 383 1031 448 aliorum
1054 387 1173 451 animae
1196 389 1285 453 sorti·

118 477 168 533 tae
187 470 249 533 sint
267 469 483 554 deprehendit:
513 489 681 542 cmnmune,
709 466 793 551 quod
810 468 916 532 eadem
939 468 1005 531 loca
1026 477 1088 533 tam
1110 472 1168 535 sihi
1190 492 1283 555 quam

115 554 225 622 ceteris
252 554 390 619 eiusdem
408 552 514 616 meriti
537 551 643 615 didicit
661 552 852 635 praeparari:
882 552 1053 637 publicum,
1081 555 1164 638 quod
1188 556 1283 621 ricto·

117 638 194 702 riam
213 639 329 723 patriae
350 646 383 701 ct
403 635 597 719 Carthaginis
623 636 782 700 interitum
806 644 837 700 ct
857 636 1065 723 Capitolinum
1091 638 1283 722 triumphum

115 742 151 785 ac
172 722 410 787 sollicitudinem
428 720 550 785 suturae
569 720 726 783 seditionis
745 720 881 803 agnovit:
900 721 1045 805 peuercle,
1086 721 1149 784 uod
1165 724 1282 788 caelum

115 807 253 893 caelique
274 806 406 871 circulos
426 804 696 889 conversionisque
716 811 913 879 concentum,
948 805 1017 869 vivo
1046 741 1146 869 adhuc
1166 804 1283 871 homini

115 912 194 957 nova
217 899 249 955 et
272 889 442 973 incognita,
477 889 633 953 stellamm
652 888 745 952 etiam
768 910 803 953 ac
825 889 977 955 luminum
999 896 1102 954 motus
1122 897 1283 974 terraeque

112 977 215 1041 omnis
232 976 327 1039 situm
352 972 546 1058 suspiciendo
564 973 612 1038 vel
637 973 833 1057 despiciendo
853 973 1002 1059 concepit.
1053 975 1119 1040 Nec
1137 974 1196 1039 dici
1216 976 1334 1060 pot-14

111 1070 160 1126 est
182 1081 246 1123 non
267 1066 374 1143 aptum
395 1057 488 1123 luisse
511 1057 662 1142 Scipionis
689 1078 840 1141 personae
866 1058 1035 1136 somnium,
1067 1058 1150 1144 quod
1172 1067 1204 1123 et
1231 1081 1283 1145 gc·

113 1144 219 1209 nerale
239 1151 321 1207 esset
342 1149 374 1207 et
394 1142 565 1228 publicum,
598 1141 671 1227 quia
698 1142 830 1206 necdum
860 1142 903 1207 illi
926 1143 1103 1227 contigisset
1130 1144 1282 1230 amplissi-

112 1249 184 1293 mus
206 1228 417 1311 magistratus,
451 1228 643 1295 immocum
669 1226 785 1304 adhuc,
815 1233 852 1290 ut
874 1226 940 1310 ipse
967 1226 1054 1303 dicit,
1081 1250 1179 1312 pceree
1198 1232 1283 1295 mdes

111 1312 293 1377 haberetur:
327 1312 415 1377 aiunt
435 1312 517 1377 enim
541 1333 604 1376 non
626 1310 766 1375 habenda
789 1331 845 1395 pro
872 1310 953 1375 veris
975 1309 1014 1375 de
1041 1316 1124 1375 statu
1151 1313 1281 1378 civitatis

110 1397 231 1462 somnia
256 1396 315 1461 nisi
332 1418 413 1482 quac
440 1404 541 1461 rector
563 1397 630 1461 eius
655 1396 890 1479 magistratusve
910 1394 1037 1460 vidisset
1058 1402 1112 1459 aut
1138 1416 1217 1480 quae
1242 1395 1280 1463 dc

109 1483 199 1567 plehe
221 1503 285 1546 non
307 1502 388 1547 unus
410 1483 463 1546 sed
484 1481 574 1546 multi
602 1479 713 1545 similia
741 1480 954 1543 somniassent
1011 1480 1085 1543 Ideo
1113 1480 1194 1565 apud
1217 1482 1280 1546 llo·
1292 1480 1331 1545 15

107 1588 245 1643 merum,
272 1587 342 1630 cum
362 1566 395 1629 in
420 1566 550 1631 concilio
568 1564 758 1629 Graecorum
778 1568 992 1647 Agamemnon
1013 1564 1167 1629 somnium
1191 1566 1331 1652 quodue]

107 1652 146 1717 de
166 1651 347 1716 instruendo
366 1651 482 1735 praelio
503 1649 622 1715 viderat
643 1648 827 1732 publicaret,
855 1650 982 1725 Nestor,
1008 1649 1062 1733 qui
1088 1670 1150 1713 non
1177 1650 1280 1715 minus

108 1738 175 1821 ipse
197 1736 361 1820 prudentia
381 1755 474 1881 quam
496 1732 598 1797 omnis
615 1732 741 1797 iuventa
761 1732 877 1798 viribus
898 1732 976 1797 iuvit
993 1734 1176 1811 exercitum,
1207 1756 1279 1799 con·

107 1820 215 1884 cilians
241 1820 333 1884 tidem
358 1818 477 1883 reatis:
516 1818 564 1881 De
587 1827 682 1892 stetu,
712 1817 827 1901 inquit,
852 1819 973 1903 publico
997 1819 1175 1883 credendum
1194 1822 1277 1905 regio

106 1905 238 1979 surmio,
270 1904 398 1990 quodsi
418 1904 492 1967 ulter
508 1903 642 1976 mitescet,
675 1902 904 1987 repudrhrcmus
927 1912 962 1965 ut
983 1904 1077 1986 [uteie.
1127 1902 1187 1968 Sed
1213 1925 1275 1969 non
1289 1903 1329 1968 16

106 1990 145 2054 ah
167 2009 203 2052 rc
223 1995 306 2064 crat,
331 1995 368 2052 ut
388 1987 505 2072 Scipio,
534 1986 592 2051 etsi
612 1985 744 2050 necdum
765 1986 894 2070 adeptus
919 1993 994 2051 tunc
1015 1986 1116 2053 luerat
1136 1990 1276 2054 consula-

104 2080 173 2139 tum
194 2093 252 2137 nec
277 2080 343 2136 crat
363 2080 466 2136 rector
491 2071 662 2145 exercitus,
699 2070 892 2157 Carthaginis
921 2072 1089 2138 somniaret
1116 2072 1276 2139 interitum

105 2158 192 2223 cuius
214 2165 280 2222 erat
299 2163 407 2221 auctor
427 2156 564 2234 iuturus,
590 2155 773 2241 audiretque
793 2156 952 2222 victoriam
971 2157 1122 2223 beneficio
1142 2178 1198 2223 suo
1263 2196 1275 2207 -

104 2242 231 2320 blicam,
266 2242 385 2308 videret
404 2242 496 2307 ctiam
518 2249 635 2306 secreta
656 2248 784 2306 naturae
805 2242 852 2307 vir
873 2263 937 2305 non
955 2242 1058 2305 minus
1081 2180 1275 2325 philosopllia

104 2348 197 2413 quam
224 2326 339 2393 virtute
363 2327 559 2411 praecellens.
614 2325 671 2390 llis
697 2324 827 2390 adsertis
859 2326 933 2409 quia
964 2325 1106 2408 superius
1134 2325 1274 2391 falsitatis
1287 2324 1326 2389 l'l

104 2411 327 2477 insomniorum
351 2412 512 2495 Virgilium
531 2416 643 2473 testem
661 2408 791 2473 citantes
807 2428 914 2473 versus
935 2406 1062 2472 lecimus
1083 2409 1273 2475 mentionem

104 2498 185 2561 eruti
207 2495 246 2560 de
268 2495 460 2580 geminarum
487 2492 599 2557 somnii
623 2492 829 2575 descriptione
850 2498 1023 2575 portarurn,
1057 2491 1083 2555 si
1104 2490 1173 2574 quis
1195 2491 1274 2557 lorte

102 2601 253 2667 quaerere
273 2579 362 2655 velit,
390 2598 445 2642 eur
462 2584 551 2661 porta
573 2596 613 2638 ex
634 2575 728 2639 ehore
751 2573 834 2639 falsis
856 2581 888 2638 et
909 2595 926 2639 e
944 2593 1042 2637 cornu
1064 2574 1143 2639 veris
1165 2575 1204 2640 sit
1221 2575 1274 2642 de·

102 2673 226 2751 putata,
263 2662 435 2729 instruetur
455 2667 581 2726 auctore
602 2657 790 2745 Porphyrio,
822 2658 876 2746 qui
898 2658 931 2723 in
960 2659 1187 2727 commentariis
1209 2662 1274 2729 stris

894 2859 978 2923 [Edd.
1000 2857 1204 2929 vicahspdguh.

103 2945 314 3015 scriptaelectio
332 2942 493 3007 videbator,
515 2941 679 3012 refragatur
695 2943 761 2996 coll.
781 2960 803 2995 c.
822 2947 837 2997 l
858 2944 883 3011 [ξ
903 2945 938 3011 1,]
961 2949 990 2997 ct
1010 2949 1068 2998 ab
1088 2946 1113 3011 [5
1135 2948 1178 3013 l.].
1219 2948 1274 2999 de·

95 3020 188 3082 fertur
204 3014 274 3067 Brea„
300 3042 329 3052 -
352 3014 389 3064 ud
406 3028 608 3081 supernuprc
625 3014 725 3080 seipse
743 3013 1015 3081 „manuscriptorum
1034 3014 1156 3064 melior“
1173 3013 1274 3067 Barth.

99 3084 216 3135 Adsere.
234 3080 364 3145 XXXIX,
387 3084 434 3145 12,
463 3096 517 3131 non
534 3096 594 3145 per
607 3098 648 3141 sc,
670 3080 745 3145 quod
768 3097 830 3131 cum
849 3081 974 3133 Pontano
997 3097 1032 3131 cx
1054 3081 1109 3132 hoc
1128 3082 1225 3134 codice
1244 3086 1273 3134 et

98 3156 248 3217 praeterea
265 3167 298 3201 ex
314 3148 419 3215 optimo
442 3163 493 3198 suo
512 3146 597 3198 affert
613 3147 699 3199 Gron.
740 3148 810 3215 (ipse
830 3165 889 3215 per
910 3165 937 3200 se
958 3148 1010 3199 111.
1049 3165 1108 3215 per
1125 3165 1182 3200 sese
1203 3148 1272 3216 [rus.

99 3223 163 3270 ante
179 3217 239 3284 per]
261 3217 330 3281 112),
369 3216 406 3266 ud
422 3231 520 3281 supere
535 3216 677 3281 perductus
695 3215 764 3279 (our.
783 3216 852 3281 ipse)
871 3232 899 3281 g.
918 3230 921 3235 ·
940 3217 977 3267 ud
993 3232 1089 3281 supere
1107 3217 1201 3269 ductus
1219 3218 1270 3271 Rl.

98 3286 242 3337 mulorum
261 3291 346 3344 [corr.
362 3282 392 3333 in
410 3283 551 3341 eliorum)
569 3282 643 3333 Pus.
660 3308 695 3320 -
717 3284 827 3334 sortitae
844 3290 915 3335 suut
932 3282 1061 3349 BFSv-g.
1081 3308 1117 3323 -·
1136 3292 1182 3335 est
1198 3300 1270 3334 ccm-

97 3352 258 3403 muuelldd·
293 3358 487 3403 commaneret
504 3347 582 3399 hun.
602 3355 699 3400 —ert
734 3350 849 3400 uillicum
864 3350 1132 3402 Edd.-iuteritum
1150 3350 1270 3401 somni-

97 3420 168 3471 ueit
186 3418 218 3469 F.
236 3446 269 3456 -
293 3426 323 3471 et
339 3418 532 3470 solicitudinem
548 3432 602 3481 νς
617 3421 648 3476 (c
666 3366 786 3476 millia).
804 3444 838 3454 -
854 3418 967 3479 futurae
984 3416 1121 3467 seditionis
1138 3416 1269 3467 sellicitu-

98 3488 186 3539 diuem
207 3485 238 3537 ll.
260 3510 294 3524 -
318 3493 367 3537 est
388 3484 516 3552 gencrale
537 3481 606 3533 ΕΜ.
640 3484 768 3551 gencrale
790 3490 836 3535 est
859 3482 891 3533 F.
1047 3484 1087 3533 14.
1125 3482 1194 3534 Nou
1216 3482 1270 3534 diei

98 3552 172 3604 Βιι.
194 3580 230 3591 -
250 3552 320 3619 quod
338 3552 464 3620 gencrale
482 3552 553 3615 (orn.
570 3550 610 3615 et)
632 3567 693 3617 ug.
715 3578 744 3589 ·-
767 3550 943 3618 magistratus
960 3549 1114 3618 contigisset
1132 3549 1268 3617 amplissi-

96 3635 155 3673 mus
172 3620 222 3671 Ra.
241 3648 276 3659 -
290 3635 376 3685 pueoc
389 3617 474 3684 miles]
493 3617 588 3668 Soron.
603 3617 645 3681 ll,
663 3621 688 3668 1.
704 3623 742 3657 -ἱ
760 3624 809 3668 eut
826 3618 859 3668 de
893 3618 948 3668 lete
962 3622 1031 3677 (om.
1050 3621 1130 3684 quae)
1147 3618 1214 3670 RS(

198 3690 239 3738 15.
276 3688 334 3737 Sic
350 3694 380 3738 et
397 3686 470 3752 opud
488 3684 542 3735 fle.
563 3712 589 3723 -
607 3686 682 3750 apud
697 3682 851 3751 Homerum]
869 3634 904 3735 l.
920 3678 956 3750 β’,
972 3688 1005 3735 79
1022 3700 1100 3750 seqq.
1122 3710 1156 3724 -
1173 3686 1267 3739 iuuen-

95 3760 148 3806 tus
170 3753 250 3805 hTrs.
271 3780 300 3791 -
326 3753 482 3804 credendum
500 3757 575 3819 (sup.
597 3752 662 3803 udd.
678 3756 731 3810 cst)
751 3751 803 3803 Rss.
825 3778 851 3790 -
872 3759 903 3804 ut
913 3752 998 3816 sutile
1014 3752 1213 3819 repudiaremus
1232 3754 1265 3805 ll.

94 3822 293 3889 repudiaremus
308 3828 339 3873 ut
349 3821 450 3886 facile
466 3818 538 3870 Bne.
693 3822 735 3869 16.
770 3827 828 3871 erut
846 3820 879 3871 uh
897 3836 926 3871 re
944 3819 995 3870 RS.
1030 3821 1063 3871 uh
1081 3835 1109 3871 re
1120 3822 1196 3885 fuit
1214 3821 1267 3872 Rl.

50 3952 55 3960 ·
96 3916 124 3927 -
143 3898 207 3941 tuuc
224 3896 296 3941 erut
313 3904 374 3953 v-g.
394 3914 422 3925 —
448 3894 530 3939 actor
546 3885 641 3947 „his.“
658 3884 759 3937 Barth.
778 3888 797 3938 l.
817 3904 839 3937 c.
858 3916 888 3927 -
914 3887 1130 3952 pollicendum
1147 3883 1265 3937 esen.

93 3957 220 4076 hii·-
245 3952 599 4088 racliiu'll‘l‘iilgl
616 3957 648 4059 ἶ·
667 3954 1266 4074 {e‚ttt‘t“'stdtat?·-ttt·²ttt

91 4090 163 4142 Bru.
198 4091 268 4142 eruti
282 4095 358 4155 (sup.
372 4088 414 4139 cel
432 4088 509 4148 editi]
526 4088 578 4140 Bt.
612 4087 768 4156 editigin
786 4085 1264 4157 mg.-scmni(udd.esec.m.]

92 4158 144 4208 Ru.
167 4182 201 4196 -
223 4174 256 4209 er
275 4158 362 4208 chore
384 4154 434 4204 82
454 4182 487 4192 -
511 4162 536 4206 et
558 4171 593 4206 er
615 4172 697 4207 cornu
720 4156 771 4206 Rl.
806 4164 831 4208 et
847 4172 928 4206 cornu
946 4156 1013 4218 (om.
1032 4155 1059 4214 e)
1078 4150 1107 4201 G.
1151 4168 1264 4205 ecoruu

93 4231 160 4286 (om.
179 4229 219 4284 et)
238 4224 330 4291 cth.
365 4230 390 4275 et
405 4222 443 4274 de
457 4238 538 4273 coruu
557 4220 589 4273 Ii.
607 4248 641 4261 -
663 4239 681 4273 e
695 4222 833 4290 por-phiris
850 4229 959 4274 auctore
976 4216 1153 4269 Fussnnfrn.
1177 4234 1211 4258 -ι
1235 4221 1263 4273 iu

127 4425 169 4473 13.
201 4424 435 4478 stellurumetium
456 4438 489 4473 uc
508 4420 647 4487 luminum]
701 4436 724 4471 c.
744 4424 775 4483 6,
794 4420 807 4485 5
826 4422 859 4470 18
876 4422 905 4472 et
923 4436 946 4472 c.
966 4421 1013 4485 14,
1036 4420 1102 4487 §2³
1121 4421 1150 4473 et
1165 4421 1214 4485 25,
1235 4436 1261 4474 c.

93 4487 208 4543 Lumine
234 4492 368 4547 control
395 4490 526 4543 estune.
569 4487 650 4541 conl.
702 4486 782 4554 lui
806 4492 846 4542 16.
