2950 4992
256 164 393 233 οΟΜΜ.
414 163 460 234 IN
479 162 607 235 SOMN.
627 161 726 234 SCIP.
769 166 890 236 11111.
934 172 1023 240 CAP.
1041 177 1127 245 XXI.
1215 181 1276 250 125

108 337 206 422 magis
227 336 268 402 sit
288 336 445 422 sequenda
465 336 627 415 sententia,
647 342 795 402 tractatus
815 337 940 407 invenit
983 345 1048 414 Nec
1069 347 1128 418 hoc
1148 352 1325 422 tacitum30

106 431 170 500 est,
207 443 262 486 our
282 422 364 487 inter
383 443 492 489 omnes
512 422 618 487 stellas
636 421 702 486 sola
722 421 789 502 sinc
811 422 913 490 fratris
936 429 1028 496 radiis
1051 434 1122 502 tuna
1144 436 1274 508 11011111-

105 515 188 572 ceat:
203 507 263 573 'sed
283 516 315 572 et
335 530 421 594 quae·
435 507 604 593 spatiomm
628 507 707 573 ratio
727 508 825 573 solem
847 511 885 575 ab
905 511 952 578 his
970 536 1103 603 quoque,
1125 524 1178 607 qui
1199 547 1271 592 eum

104 593 187 658 inter
208 600 326 678 septem
348 603 493 678 quartum
515 594 664 669 locarunt,
689 613 751 656 non
775 599 877 660 tamen
901 598 1030 684 abrupte
1050 606 1196 686 medium,
1217 611 1271 676 sed

104 678 169 744 iere
191 679 325 744 medium
350 679 407 744 dici
430 679 579 763 coegerit,
605 678 794 763 publicatum
815 689 871 745 est.
915 683 999 762 Quid
1021 688 1192 773 significent
1217 704 1317 769 [ιο-31

104 764 203 842 mina,
229 764 348 849 'quibus
369 764 412 828 ita
433 771 575 842 vocatur,
607 771 643 828 ut
664 763 782 848 laudari
806 773 925 834 tanturn
948 778 1090 856 putetur,
1121 776 1270 845 innotuit:

103 849 283 933 magnitudo
305 869 430 934 quoque
453 849 535 926 eius,
570 848 624 914 sed
646 856 677 914 ct
698 849 837 916 caelestis
859 874 1027 948 perquem
1049 859 1193 928 discurrit
1213 865 1270 930 cir-

103 934 173 1011 ouii,
195 942 359 1019 terraeque
379 933 503 1020 pariter,
519 941 633 1019 quanta
656 935 696 1000 sit
715 937 762 1001 vet
786 940 1046 1021 quemadmodum
1069 945 1270 1033 deprehensa,

102 1027 306 1086 monstratum
326 1027 382 1083 est
425 1019 638 1086 Subiectorum
658 1019 858 1104 sphaerarum
881 1027 987 1092 stellae
1008 1034 1267 1116 quemadmodum
1277 1046 1319 1112 32

101 1108 134 1170 in
150 1106 285 1182 zodiaco,
302 1103 356 1188 qui
379 1125 470 1189 supra
488 1126 597 1169 omnes
616 1112 672 1182 est,
693 1104 765 1169 ierri
785 1106 934 1189 dicantur,
955 1114 1002 1178 vel
1023 1138 1103 1202 quae
1124 1122 1202 1187 ratio
1223 1124 1268 1189 di·
1314 1187 1318 1196 ,

100 1211 258 1257 versatum
282 1189 371 1256 faciat
396 1211 452 1257 seu
473 1191 603 1264 celerem
626 1212 682 1256 seu
706 1191 829 1258 tardum
852 1215 1026 1264 recursum:
1062 1205 1114 1269 sed
1142 1216 1174 1272 et
1202 1210 1268 1294 ipse

100 1276 242 1340 zodiacus
259 1275 291 1338 in
308 1275 470 1340 duodecim
489 1284 669 1362 partesque
687 1277 806 1343 ratione
824 1279 939 1346 divisus
957 1282 1005 1361 sit,
1023 1307 1139 1374 curque
1156 1295 1317 1390 Ariespm]

99 1361 219 1445 primus
246 1359 409 1438 habeatur,
447 1367 479 1425 et
504 1383 583 1447 quae
615 1362 700 1446 signa
728 1362 761 1427 in
788 1385 921 1449 quorum
956 1371 1119 1439 numinum
1151 1376 1267 1446 ditione

100 1446 171 1522 sint,
191 1445 366 1511 absolutum
389 1454 445 1511 est
481 1447 548 1536 ¹Sed
568 1447 775 1526 emmelinae,
798 1471 877 1535 quae
898 1452 935 1517 de
960 1475 1082 1523 summo
1101 1460 1139 1526 ad
1162 1463 1266 1546 lunam
1275 1472 1316 1538 33

97 1552 136 1596 us
220 1532 413 1616 perveniunt,
435 1553 520 1599 sacra
540 1534 719 1620 incorrupta
741 1534 953 1612 divinasunt:
976 1543 1047 1626 quia
1069 1545 1101 1610 in
1123 1545 1198 1632 ipsis
1220 1547 1267 1618 est

98 1553 206 1683 aeiduer
227 1638 349 1703 semper
370 1619 453 1683 idem
474 1641 531 1684 nec
551 1641 700 1706 umquam
722 1621 873 1706 recipiens
895 1624 1088 1725 inaequalem
1111 1633 1267 1702 varietatis

98 1711 227 1768 aestum.
269 1704 353 1768 Infra
377 1704 481 1770 innam
507 1713 539 1770 et
560 1727 614 1770 aer
634 1713 667 1771 et
684 1713 798 1772 natura
820 1715 1055 1796 permutationis
1079 1719 1195 1802 pariter
1220 1723 1265 1788 in*

97 1788 232 1936 lcipiunt,
251 1789 1057 1967 fi⁰i11⁵i⁰⁰ist³⁰ssiq⁰ff⁸deiuigiissspitipdiiiiisrrump⁹⁶
1080 1804 1314 1966 caduccri‘qm34

108 1893 358 1938 unaconnam
426 1921 435 1938 .
530 1899 549 1940 o
893 1905 904 1945 a
958 1907 978 1948 c
1010 1909 1197 1956 uucmesse
1240 1918 1265 1959 a·

97 1960 202 2022 ciuum
220 1961 478 2043 praeterendum
498 1967 621 2027 muneri
640 1964 765 2031 deorum
784 1965 937 2032 domiuum
956 1973 1063 2054 pauori
1086 1975 1178 2054 dctca,
1201 2001 1264 2044 non
1305 2056 1307 2062 Ι

96 2044 139 2107 ita
160 2043 370 2127 accipiendum
391 2052 453 2121 est,
474 2047 593 2112 animos
612 2047 662 2112 hic
682 2067 764 2126 esse,
786 2058 822 2115 ut
840 2051 890 2118 hic
913 2055 995 2120 nasci
1016 2067 1177 2140 putentur:
1209 2065 1264 2131 sed

96 2129 293 2193 s'ioutsotem
317 2129 462 2194 interris
488 2153 556 2197 esse
578 2133 680 2198 dicere
708 2135 859 2214 sciemus,
895 2141 983 2206 cuius
1008 2144 1112 2210 radius
1140 2148 1264 2218 advenit

93 2223 126 2278 et
146 2214 276 2290 recedit,
304 2213 346 2279 ita
366 2215 540 2291 animorum
561 2218 650 2304 origo
671 2220 810 2287 caelestis
833 2231 894 2302 est,
921 2225 974 2289 sed
997 2226 1063 2312 lege
1086 2236 1263 2317 temporalis

92 2299 309 2384 hospitalitatis
336 2299 387 2366 hic
412 2303 526 2369 exulat.
566 2305 652 2370 Haeo
679 2327 754 2390 ergo
783 2308 869 2391 regio
895 2308 1034 2376 divinum
1063 2315 1139 2380 nihii
1168 2317 1261 2385 habet

90 2385 171 2472 ipsa,
191 2384 245 2450 sed
265 2384 389 2474 recipit,
409 2394 442 2453 et
459 2389 532 2473 quia
555 2390 665 2478 recipit
684 2398 716 2454 et
735 2392 880 2457 remittit:
900 2397 1061 2480 proprium
1083 2408 1186 2467 autern
1207 2403 1261 2469 ha-

888 2563 973 2624 [Edd.
992 2565 1194 2636 vicahgspdub.

90 2643 153 2705 que]
172 2637 203 2689 ῐι.
231 2667 260 2677 -
287 2641 378 2709 mugio
395 2642 429 2694 ait
444 2643 576 2709 sequendo
593 2643 724 2695 cententio
746 2641 1122 2705 ecuroorouunuauava.
1174 2659 1264 2726 mugio

90 2707 225 2771 sequendo
242 2708 277 2760 eit
298 2710 428 2760 sensualia
451 2709 617 2762 EddFSPG
638 2710 760 2776 ‚‚dogl.“
813 2713 854 2772 sit,
868 2719 957 2784 magis
979 2723 1111 2786 sequenda
1131 2728 1263 2778 sententia

90 2773 140 2822 ve.
175 2775 265 2841 mugio
281 2777 415 2840 sequendo
431 2778 499 2828 aiut
516 2778 610 2842 „liber
628 2777 752 2846 optimae
770 2785 873 2832 notae“
891 2783 975 2836 Grou.
1126 2793 1170 2842 31).
1207 2793 1263 2846 Nee

89 2839 275 2893 hortantum
294 2843 382 2894 eatB.
412 2873 446 2882 -
475 2863 562 2896 omues
578 2847 755 2899 intermedius
771 2847 822 2898 Rl.
851 2877 886 2889 —
915 2853 972 2904 ciue
983 2854 1185 2916 fratria-radiis
1203 2863 1261 2914 actu

90 2908 157 2958 tuuc
174 2908 225 2958 Ra.
246 2937 272 2946 -
293 2911 340 2960 sed
356 2927 424 2978 quoe
441 2918 510 2973 (orn.
529 2919 566 2973 et)
586 2912 618 2965 Β.
634 2940 668 2952 -
686 2915 855 2970 locauerunt
871 2917 915 2970 ΓΙ.
934 2948 970 2960 -
984 2922 1147 2986 publicatum
1163 2934 1201 2980 est

89 2975 200 3027 laudari
217 2977 245 3042 (5
263 2980 320 3036 31.)
344 2979 407 3030 add.
428 2995 445 3031 a
464 2997 519 3032 see.
538 2998 575 3032 m.
594 2980 623 3033 0.
779 2987 822 3034 31.
856 2986 897 3038 itu
914 2997 1023 3056 vpcuut
1047 3005 1072 3042 v.
1102 3021 1136 3032 -
1165 2997 1259 3062 depre-

87 3044 172 3094 hensa
188 3047 234 3096 sit
252 3044 304 3095 112.
458 3052 500 3098 32.
535 3051 564 3100 iu
585 3049 696 3100 zodiaco
714 3048 771 3102 ΒΟ.
806 3053 835 3103 iu
852 3055 999 3106 zodiacum
1019 3056 1051 3107 Β.
1084 3060 1113 3112 iu
1131 3065 1259 3117 zodiacia

86 3109 264 3163 namnum.
299 3114 409 3165 zodidco
426 3120 494 3174 (om.
515 3116 557 3176 iu)
576 3115 833 3170 uoomseuauol.
873 3124 1021 3174 zodiacum
1038 3126 1090 3178 Rl.
1112 3155 1146 3166 -
1171 3149 1258 3184 omues

86 3195 169 3245 cupra
187 3179 220 3230 Β.
255 3197 342 3246 super
359 3199 446 3233 omues
462 3183 493 3234 F.
511 3211 546 3222 -
559 3185 632 3249 ferri
646 3191 721 3250 (sup.
740 3186 758 3236 ἰ.
775 3189 849 3256 geri]
870 3189 920 3241 Rl.
939 3220 973 3229 -
991 3193 1163 3248 diversorum
1181 3205 1257 3265 (sup.

86 3251 118 3305 a)
140 3245 191 3297 Rl.
232 3247 396 3298 diuersurum
413 3251 631 3318 ephuerurum
647 3251 741 3304 LBruu
768 3282 796 3292 -
825 3265 1015 3310 recursurum
1034 3267 1109 3328 (sup.
1128 3273 1200 3327 sum)
1221 3269 1255 3320 G.

85 3330 194 3367 curcum
211 3320 286 3381 (sup.
302 3321 344 3376 rc)
362 3317 414 3366 ΒΙ.
453 3336 598 3371 recessum
613 3319 645 3369 F.
667 3349 701 3360 -
724 3337 772 3373 seu
790 3323 897 3376 celerem
914 3327 1053 3380 celorum
1071 3331 1122 3382 111.
1145 3360 1179 3372 -
1202 3351 1256 3400 qun

85 3387 156 3440 (om.
170 3384 288 3441 ratione)
305 3400 332 3433 v.
345 3411 381 3430 -ι-
398 3385 499 3438 diuisus
517 3394 584 3448 (om.
603 3389 652 3446 ait)
669 3388 726 3438 1-1).
745 3417 774 3426 -·
791 3393 894 3458 primus
911 3395 955 3445 ait
972 3393 1003 3446 F.
1020 3421 1052 3434 -
1068 3398 1168 3451 ditione
1184 3411 1256 3455 suut

84 3447 119 3498 Β.
273 3453 316 3500 33.
354 3452 408 3502 Sed
425 3453 490 3505 tuce
508 3455 596 3506 omnia
613 3454 665 3505 Ra.
718 3456 773 3508 Sed
792 3465 822 3508 et
841 3462 929 3512 omnio
947 3461 1012 3514 doec
1028 3462 1157 3518 BamTu.
1208 3471 1255 3522 aad

85 3524 116 3568 ct
134 3530 190 3567 cur
209 3518 297 3567 omnio
314 3517 379 3569 icccc
396 3519 449 3573 Hl.
471 3549 506 3560 -
536 3524 601 3590 ipsis
619 3529 686 3583 (om.
704 3523 747 3582 iu)
767 3524 799 3576 Β.
826 3552 860 3566 -··
887 3529 958 3580 ether
973 3530 1042 3581 idem
1059 3549 1160 3600 semper
1177 3541 1255 3604 (sup.

84 3583 147 3634 edd.
164 3589 216 3644 aot)
237 3585 285 3635 111.
304 3608 336 3633 -ψ,
356 3602 403 3636 uec
420 3588 490 3639 idem
504 3606 630 3655 umquam
648 3588 679 3640 0.
712 3590 782 3642 idem
799 3610 836 3644 ue
852 3595 977 3662 umquam
995 3598 1046 3649 Rl.
1066 3627 1092 3637 ·—
1117 3603 1194 3667 Infra
1212 3607 1256 3657 lu·

83 3667 147 3700 unm
166 3668 213 3701 uer
228 3656 295 3711 (om.
312 3657 351 3712 ct)
372 3653 441 3706 Βοὴ.
466 3683 500 3696 -·
520 3658 650 3724 iucipiuut
669 3663 745 3722 (sup.
765 3660 916 3722 incurrunt)
931 3663 964 3715 F.
987 3691 1020 3704 —
1042 3667 1192 3723 divinorum
1210 3675 1254 3734 (in

83 3718 384 3784 mg..diuturucrum)
406 3738 434 3789 g.
587 3727 630 3776 34.
665 3726 785 3776 divinum
807 3728 849 3788 (in
871 3747 928 3798 mg.
948 3733 1141 3798 diuturnum]
1167 3757 1195 3806 g.
1223 3770 1252 3780 -

82 3801 189 3836 munere
202 3787 310 3844 ¹dicum
328 3787 358 3838 F.
384 3815 417 3827 ·-
435 3790 616 3856 accipiendum
634 3793 674 3843 itu
691 3807 717 3844 v.
743 3819 772 3830 ·-
797 3811 852 3848 esec
867 3799 897 3850 iu
914 3802 992 3852 terris
1013 3819 1072 3869 v-p.
1091 3833 1125 3844 —-
1143 3809 1253 3860 unimo-

82 3869 141 3904 rum
158 3852 211 3904 112.
235 3883 270 3894 -
292 3856 340 3907 scd
352 3862 383 3908 et
400 3857 461 3926 iege
478 3857 509 3909 0.
529 3885 565 3897 -
586 3861 647 3927 ipsu
662 3861 731 3912 uitii
747 3860 825 3916 hotot
841 3864 873 3916 F.
897 3895 931 3906 -
955 3877 980 3922 et
996 3872 1106 3924 remittit
1123 3873 1253 3928 Βο81112

81 4035 165 4087 qoam
183 4022 331 4088 proposuit
346 4040 369 4075 e.
390 4026 430 4089 11,
445 4025 459 4090 1
475 4030 510 4090 1.,
527 4025 575 4079 nor
591 4027 643 4080 ad·
727 4031 771 4081 32.
806 4033 899 4086 stellae
920 4039 1137 4102 quemadmodum
1158 4038 1187 4092 iu
1205 4058 1251 4092 zo-

80 4089 240 4141 notavimus
262 4107 317 4158 qno
340 4091 454 4160 singulo
478 4101 574 4148 essent
596 4113 642 4148 re-
693 4098 771 4150 diuco
840 4103 908 4165 ferri
932 4104 1064 4172 dicuutur]
1093 4104 1137 4155 01.
1160 4123 1182 4158 c.
1204 4112 1249 4172 21,

80 4157 206 4210 ferendo.
371 4199 382 4220 .
692 4165 721 4232 55
744 4169 807 4217 1-1.
829 4194 863 4204 -
886 4171 1011 4222 zodiacus
1031 4207 1056 4224 ..
1076 4173 1250 4240 querulique

114 4229 157 4276 30.
191 4241 239 4278 cur
259 4261 286 4277 ..
309 4225 376 4277 iuno
395 4245 450 4280 uou
471 4227 568 4296 iurent]
595 4229 639 4283 01.
691 4235 794 4285 divisus
812 4233 855 4300 sit]
878 4235 916 4286 11).
934 4237 961 4302 11
980 4242 1065 4290 Βι22.
1091 4268 1125 4278 -
1152 4259 1249 4310 curque

82 4307 106 4340 c.
124 4295 172 4356 le,
196 4293 225 4358 55
244 4296 330 4344 3-13.
352 4322 388 4331 -
409 4311 478 4362 quae
493 4301 640 4364 spatiorum
691 4303 768 4352 Aries
784 4301 885 4368 primus
903 4302 1041 4372 habeatur]
1061 4306 1100 4358 ib.
1120 4307 1133 4372 5
1152 4312 1195 4359 23.
1217 4341 1245 4351 -

81 4359 154 4409 ratio
170 4361 235 4424 etc]
254 4361 293 4412 iu.
310 4361 340 4426 55
358 4364 459 4414 14-22.
689 4385 758 4435 quue
776 4369 857 4436 sigua
876 4405 901 4420 ..
920 4371 982 4438 mut]
1001 4372 1039 4425 m.
1057 4374 1083 4440 55
1101 4379 1202 4429 24-27.

114 4427 157 4475 31.
193 4427 265 4489 Quid
280 4429 432 4498 significent
446 4429 565 4500 uomina]
594 4431 637 4484 01.
721 4438 765 4484 33.
803 4435 856 4486 Sed
882 4473 905 4488 ..
935 4439 999 4491 iuna
1029 4445 1169 4508 confinium
1197 4450 1247 4517 est]

81 4495 166 4556 ow,
182 4492 212 4557 11
232 4496 296 4546 1-e.
308 4523 342 4534 -
358 4501 520 4566 magnitudo
536 4517 638 4568 quoquc
686 4503 767 4554 liaeo
785 4503 972 4558 adnectuntur
989 4509 1024 4560 ad
1043 4509 1056 4575 5
1076 4515 1119 4562 23.

79 4563 138 4616 eius
155 4560 220 4627 etc]
239 4561 421 4629 111119-32
628 4613 631 4618 .
720 4575 764 4624 34.
798 4573 898 4641 acutat]
928 4575 1167 4647 inimiciciam,
1191 4599 1245 4657 uon
