2950 4992
189 130 233 198 bl
672 123 881 194 Mnuaoell
905 151 915 162 -

275 297 316 364 X.
357 293 586 395 lanqueum
605 301 813 361 transeamus:
839 295 900 362 Hic
918 317 980 382 epo,
999 299 1055 363 etei
1072 319 1156 368 mam
1170 308 1364 390 pertetariae,

189 404 254 450 aon
271 394 370 448 toraca
388 393 494 446 morte
513 390 592 445 meto
613 401 703 466 wem
722 381 906 446 dimidiarum
926 405 946 446 a
965 384 1052 461 meu,
1091 391 1230 472 peccabi
1255 403 1364 468 tamen,

138 471 339 548 [aa]oicaretnc
359 467 435 552 ipse,
460 477 489 530 et
508 464 622 529 Paulae
636 475 727 550 pater
748 477 775 530 et
793 465 850 529 olii
867 488 940 551 quoe
960 488 1015 532 noe
1034 473 1178 536 extrbctos
1200 497 1260 539 cese
1281 478 1363 541 orbi·

159 558 347 624 eti-arene.
390 549 447 615 Vel
468 549 602 614 fortuitis
622 556 654 614 ct
673 549 754 615 inter
773 549 890 616 tabulas
911 550 1032 616 elucent
1052 556 1170 621 semina
1189 556 1282 624 infixa
1301 562 1363 627 vir-

190 647 309 713 tutum,
348 653 428 720 quae
456 655 538 701 nune
566 634 670 700 rideas
697 633 768 698 licet
790 642 826 700 ut
847 655 864 699 e
887 642 1010 719 pectore
1034 637 1184 724 Scipionis
1207 644 1256 709 vel
1280 667 1362 710 som-

191 722 304 788 niantis
324 719 488 785 emineant.
531 720 568 783 ln
588 739 622 783 re
644 718 727 782 enim
749 737 811 784 una
858 720 1030 786 oliticarum
1050 723 1198 791 virtutum
1219 731 1361 796 omnium

160 809 306 894 dpariter
321 811 444 871 exercet
459 802 603 868 officium.
646 801 739 880 Quod
758 824 821 868 non
836 740 953 870 labitur
969 806 1073 872 animo
1090 809 1243 894 praedicta
1259 823 1361 880 morte

190 891 388 980 perterritus,
421 886 570 952 fortitudo
591 893 647 951 est
690 886 784 965 Quod
806 909 933 954 suorum
955 898 1091 959 terretur
1112 894 1228 964 insidiis
1249 900 1360 984 magis-

190 1001 252 1066 que
274 976 409 1041 alienum
428 971 546 1036 facinus
568 991 661 1057 quam
683 992 774 1037 suum
798 972 948 1039 horrescit
969 976 1113 1056 exitium,
1136 979 1175 1045 de
1195 983 1306 1065 pietate
1328 992 1361 1050 et

191 1062 287 1128 nimio
309 1059 343 1124 in
364 1077 438 1123 suos
455 1077 560 1121 amore
580 1055 733 1141 procedit:
772 1056 847 1124 baec
869 1068 974 1126 autem
996 1060 1132 1129 diximus
1152 1065 1191 1130 ad
1212 1067 1360 1135 iustitiam

189 1145 313 1221 referri,
349 1161 429 1229 quae
456 1148 559 1207 servat
586 1140 755 1226 unicuique
782 1143 866 1227 quod
891 1165 982 1210 suum
1004 1154 1060 1212 est.
1105 1147 1199 1227 Quod
1222 1171 1257 1217 ea
1282 1174 1362 1240 quae

188 1234 356 1298 arbitretur
378 1247 442 1292 non
462 1247 527 1324 pro·
540 1227 706 1311 compertis
726 1226 833 1303 habet,
870 1229 924 1294 sed
945 1239 1048 1317 spreta
1075 1234 1239 1318 opinione,
1281 1259 1361 1336 quae

189 1318 292 1383 minus
313 1312 411 1379 cautis
432 1310 543 1376 animis
563 1330 620 1396 pro
641 1331 715 1379 roro
737 1311 894 1390 inolescit,
936 1316 1058 1401 quaerit
1078 1317 1196 1384 discere
1218 1330 1361 1402 certiora,

159 1401 359 1469 tindubitata
381 1395 543 1482 prudentia
564 1403 621 1462 est.
680 1395 789 1474 Quod,
824 1418 895 1463 cum
926 1400 1060 1484 perlecta
1087 1402 1215 1469 beatitas
1239 1414 1272 1472 et
1294 1429 1362 1473 cae-

188 1487 274 1555 lestis
295 1481 443 1550 habitatio
465 1481 618 1547 humanae
638 1488 782 1558 naturae,
824 1483 857 1547 in
879 1503 941 1570 qua
962 1506 994 1550 se
1015 1495 1143 1551 noverat
1165 1508 1247 1568 esse,
1289 1512 1361 1576 pro·

188 1571 336 1648 mittitur,
372 1566 516 1633 audiendi
538 1575 642 1631 tamen
663 1565 736 1631 talia
758 1567 943 1635 desiderium
966 1569 1062 1636 frenat
1083 1579 1235 1670 temperat
1257 1583 1289 1639 et
1310 1597 1358 1642 se-

188 1663 341 1758 questrat,
361 1660 398 1720 ut
417 1650 456 1717 de
476 1652 539 1718 rita
559 1651 609 1718 ari
630 1658 663 1716 et
683 1651 779 1737 patris
800 1652 983 1740 interroget,
1005 1654 1077 1741 quid
1100 1657 1159 1722 nlsl
1180 1665 1356 1744 temperan-

187 1752 231 1809 tra
252 1743 320 1806 esti
361 1745 398 1804 ut
419 1737 479 1802 iam
500 1744 567 1801 tum
590 1736 611 1801 li
635 1744 723 1802 aeret
743 1736 922 1804 Africanum
942 1761 997 1825 per
1016 1742 1151 1827 quietem
1172 1743 1210 1806 ad
1231 1765 1268 1808 ea
1290 1745 1359 1810 loca

156 1827 267 1914 bquac
289 1823 347 1889 sibi
368 1821 556 1886 deberentur
577 1758 753 1886 abbuetum.
796 1823 832 1887 ln
853 1823 910 1890 bac
931 1831 1035 1891 autem
1057 1825 1299 1912 interrogatione
1320 1829 1358 1896 de

187 1911 308 1978 animae
339 1904 558 1972 inmortalitate
591 1912 748 1970 tractatur.
798 1908 897 1992 lpsius
930 1910 1013 1975 enim
1043 1913 1277 1978 consultationis
1309 1913 1359 1980 hic

186 2015 296 2064 seusus
315 1998 378 2056 est:
419 1990 500 2065 Nos,
522 1989 638 2086 inquit,
657 1990 844 2058 arbitramur
863 1994 997 2062 animam
1019 2017 1089 2062 eum
1112 1997 1173 2063 line
1195 1999 1356 2066 morientis

185 2077 326 2164 extingui
356 2095 414 2140 nec
440 2073 571 2139 ulterius
590 2094 658 2140 esse
685 2083 756 2160 post
777 2075 943 2144 bominem.
991 2081 1047 2146 Ait
1065 2082 1164 2148 enim:
1202 2084 1285 2162 Quos
1305 2109 1356 2150 ea-

184 2169 291 2234 tiiietos
311 2185 371 2228 ease
390 2159 625 2256 arbitrabantur:
664 2159 749 2245 quod
770 2168 874 2228 autem
897 2164 1104 2250 extinguitur,
1133 2189 1200 2234 esse
1220 2169 1282 2234 iam
1305 2169 1357 2237 de·

186 2252 269 2318 sinit
316 2249 416 2332 urgoz,
451 2244 553 2312 Velim
576 2244 673 2322 dicas,
702 2245 821 2331 inquit,
849 2247 875 2313 si
898 2257 930 2315 et
951 2259 1039 2336 pater
1058 2253 1175 2318 Paulus
1199 2261 1300 2319 tecum
1324 2264 1356 2322 et

155 2334 238 2403 balii
260 2338 436 2420 supersunt
479 2329 528 2395 Ad
550 2329 629 2396 banc
652 2329 939 2415 interrogationem,
963 2356 1041 2422 quae
1065 2338 1155 2405 etde
1175 2339 1379 2438 parentibusS

184 2431 260 2490 uta
282 2421 334 2507 pio
356 2417 436 2495 lilio,
452 2422 490 2480 et
510 2414 549 2480 de
569 2416 678 2481 ceteris
697 2424 734 2480 ut
755 2437 772 2480 a
793 2418 931 2516 sapiente
953 2441 987 2486 ac
1009 2429 1149 2488 naturam
1174 2445 1269 2508 ipsam
1293 2425 1372 2490 dis-‘

133 2507 324 2586 [ealcuticnte
344 2501 501 2591 processit,
522 2501 597 2588 quid
618 2501 671 2567 ille
695 2502 875 2588 respondit?
917 2506 1011 2572 [maio
1032 2529 1112 2585 vcro,
1130 2509 1240 2596 inquit,
1258 2509 1292 2574 bi
1310 2512 1355 2578 vi·

184 2605 273 2669 mm,
302 2590 356 2678 poi
378 2613 393 2656 c
416 2609 577 2675 corporum
597 2588 740 2664 vincetii,
771 2598 921 2675 mmqeom
947 2614 963 2658 c
986 2614 1119 2670 carcere,
1151 2596 1356 2663 acolanorum:

156 2681 372 2746 bucinatore
393 2673 600 2786 oboediatur
619 2696 680 2740 aare
699 2675 762 2740 ocia
784 2695 865 2740 mora
887 2686 936 2742 eet
986 2677 1019 2744 Si
1047 2678 1086 2744 ad
1110 2677 1226 2748 inferos
1253 2702 1355 2748 meare

249 2863 320 2919 biae.
340 2861 606 2925 eusebianam]

249 2953 285 3005 x.
323 2951 410 3018 Caput
427 2949 461 3001 Χ.
499 2949 570 3014 Quid
586 2948 727 3000 amandatae
743 2951 846 3017 prisco·
860 2951 922 3006 illoc
937 2951 1074 3023 tlieologor
1090 2954 1186 3021 inseri3
1205 2965 1230 3010 ct
1247 2959 1355 3026 wando

181 3039 214 3077 ω
230 3037 319 3076 emax
337 3018 388 3079 (ab
404 3017 516 3077 berun)
534 3017 664 3069 tentantia
684 3017 777 3070 anima
798 3027 847 3072 aut
865 3022 954 3074 vivere
976 3029 1024 3074 aat
1044 3025 1111 3075 mori
1133 3025 1247 3076 dicatur.
1272 3026 1352 3076 cb-b.

285 3092 309 3139 1.
344 3087 390 3138 Ad
411 3085 547 3152 sequentia
567 3091 743 3137 ammai.
777 3087 858 3139 Haec
879 3089 1055 3142 antecedenti
1080 3090 1166 3158 capiti
1192 3092 1353 3143 tribuuntur

181 3156 211 3210 in
232 3156 311 3208 alr-b.
345 3152 389 3204 Gi.
408 3169 432 3204 c.
451 3151 583 3218 1e,§1.;
606 3151 648 3212 ll,
663 3155 695 3214 b,
714 3152 728 3218 b
747 3154 785 3216 l.;
807 3154 850 3220 ll,
870 3161 917 3219 10,
938 3157 951 3222 5
973 3160 995 3208 l.
1150 3163 1172 3208 1.
1208 3159 1260 3209 Hic
1277 3176 1351 3228 argo

181 3224 220 3278 ri.
236 3251 270 3264 -·
288 3229 314 3276 et
326 3229 406 3291 pater
424 3220 527 3273 Paulae
544 3236 572 3271 a.
605 3220 704 3286 paulas
719 3228 797 3288 pater
813 3229 882 3283 (om.
901 3229 940 3285 at)
958 3224 991 3277 G.
1014 3251 1049 3262 —
1070 3223 1281 3277 arbitrabamur
1303 3243 1351 3293 ag.

281 3295 308 3343 Ξ.
348 3290 396 3342 Vel
411 3289 561 3356 ascribitis
575 3285 645 3338 nxz.
679 3289 722 3340 acl
742 3290 774 3340 in
785 3293 852 3356 sort.
867 3291 939 3343 Βιιι.
956 3317 992 3334 -··
1005 3293 1131 3344 uirtutem
1149 3295 1232 3359 infixo
1249 3293 1299 3344 ssi.
1316 3324 1352 3334 -

180 3361 215 3415 in
235 3369 340 3432 pectore
361 3356 433 3410 Bne.
457 3385 499 3396 -ι
518 3356 675 3410 somniantis
696 3357 766 3419 (om.
791 3359 847 3425 cel)
870 3358 945 3411 Fur.
970 3386 1001 3397 -
1030 3361 1144 3413 omnium
1165 3363 1292 3414 virtatem
1319 3362 1351 3415 F.

282 3434 308 3480 3.
342 3427 470 3480 aliorum
483 3427 594 3492 sociam
611 3423 658 3474 Pla
673 3424 770 3488 „tt·.“
789 3451 818 3464 -
838 3426 964 3494 dicimos]
984 3443 1007 3478 c.
1024 3433 1050 3492 8,
1067 3428 1081 3494 b
1098 3433 1124 3480 t.
1142 3457 1175 3468 -
1194 3447 1262 3498 qaae
1279 3431 1353 3482 arbi-

179 3497 320 3550 trabatur
336 3493 434 3548 ricbb.
455 3511 549 3562 -pro
567 3510 623 3544 com
642 3494 705 3543 ertia
721 3510 775 3544 non
791 3492 822 3544 F.
842 3522 867 3531 -
889 3495 1016 3547 inolevit
1035 3495 1088 3546 Hi.
1239 3501 1265 3549 4.
1300 3499 1351 3550 ba·

180 3581 277 3616 axanae
298 3580 354 3613 ona.
376 3562 407 3612 la.
429 3589 462 3602 -
485 3563 554 3615 tatia
572 3510 1050 3630 erbeauenx.v-nngbTx.enn.
1070 3563 1164 3628 „Ma.“
1203 3565 1267 3617 alto
1286 3566 1351 3618 Rtb

180 3647 236 3684 Η.
256 3655 283 3667 -
303 3630 439 3682 debentur
455 3630 507 3680 Rl.
529 3656 557 3668 -
578 3629 732 3681 adductum
752 3629 886 3698 Bana-g.
921 3630 1061 3682 abductam
1081 3638 1130 3683 ast
1146 3631 1199 3682 Rl.

145 3701 157 3709 '
179 3701 205 3749 b.
239 3695 323 3763 ipsius
343 3697 412 3746 enin
434 3704 540 3748 aotam
560 3695 592 3747 F.
626 3696 710 3763 ipsias
731 3703 839 3748 antam
861 3697 913 3749 Hl.
938 3727 971 3738 -
992 3699 1079 3766 inquit
1097 3697 1351 3750 arbitrabamarF

178 3760 399 3831 erar-geme
419 3789 455 3801 —
475 3779 530 3815 crae
552 3763 740 3815 arbitraremur
763 3763 840 3831 (sup.
863 3765 955 3831 amar)
977 3765 1012 3818 (i.
1052 3767 1263 3818 arbitrabamur
1281 3772 1351 3827 (om.

178 3839 248 3895 caea)
269 3847 316 3900 ag.
342 3857 377 3872 -
403 3830 481 3912 Ergo
502 3831 582 3882 actim
602 3830 678 3882 dicas
701 3829 988 3900 Msa.viangn.Bsrr.
1011 3833 1101 3900 „libri
1123 3835 1240 3886 omnca“
1264 3834 1351 3886 tiron.

178 3919 244 3972 crgo
261 3901 340 3953 aelim
356 3899 412 3951 iaia
429 3899 504 3950 dicae
521 3897 612 3948 ebs-a.
633 3924 661 3934 -
680 3905 706 3950 et
720 3900 821 3965 paulus
836 3907 914 4018 gatar
932 3901 1001 3952 1³12.
1154 3905 1180 3952 6.
1215 3909 1240 3954 a
1257 3903 1290 3954 da
1306 3919 1351 3953 aa·
1398 3962 1402 3968 ¹

178 3971 243 4026 teria
261 3969 322 4031 (acl
340 3972 421 4027 caat.)
440 3963 774 4033 Mneviagb‘l'xBernffl
791 3965 833 4030 „li

178 4039 230 4102 (ab
246 4041 338 4097 caat).
354 4063 390 4074 -
400 4033 535 4103 protexit
551 4050 577 4084 r.
594 4060 621 4072 -
639 4034 780 4102 respondet
798 4041 874 4102 (sup.
889 4037 913 4096 i)
931 4035 961 4088 F.
979 4064 1013 4074 -
1032 4034 1125 4101 Immo]
1141 4034 1236 4086 Sama.
1255 4035 1306 4095 lll,
1325 4039 1352 4088 Ξ.

855 3966 880 4019 ri
897 3970 1014 4020 omnea“
1034 3967 1119 4020 Gran.
1154 3975 1180 4020 ct
1197 3971 1287 4020 ceteris
1306 3987 1352 4020 aa

178 4135 210 4146 -
229 4107 275 4174 qm·
292 4120 429 4172 corporatae
446 4108 515 4163 (om.
534 4106 561 4162 c)
581 4117 641 4168 ng.
662 4127 695 4140 -
716 4101 826 4154 cinctis
843 4103 985 4156 Reunia.
1009 4131 1044 4144 -
1057 4103 1143 4222 puori
1161 4103 1255 4156 dicitnr
1278 4104 1351 4156 Brea.

177 4202 213 4220 ·-
231 4175 329 4230 dicitur
343 4173 403 4227 oitc
421 4176 490 4235 (om.
507 4170 575 4238 eece)
593 4170 646 4237 Bt,
666 4174 697 4224 ut
712 4167 807 4224 Sama.
823 4169 843 4224 l.
859 4187 884 4223 a.
900 4171 969 4224 Mu.
987 4171 1054 4225 etE
1076 4171 1101 4222 d.
1116 4186 1221 4240 ornnes.

212 4373 247 4434 x,
265 4379 291 4425 2,
325 4376 426 4428 ,mgna
441 4376 526 4442 pff„
539 4375 678 4442 fistulam]
698 4375 734 4426 ep·
809 4341 989 4445 ‘politicarum
1005 4340 1145 4409 virtutum]
1174 4339 1211 4393 ct.
1229 4357 1253 4392 c.
1267 4343 1298 4403 θ,
1323 4341 1351 4407 §5

178 4440 508 4574 ξίῗΐώυξηθὲἰέἕῗῶοΐω
525 4462 558 4498 ⁰⁰
574 4445 627 4498 '‘l’'
639 4445 735 4510 mm
785 4441 904 4614 “ggii
915 4474 1134 4606 §.properium
1157 4473 1219 4528 llid.
1237 4479 1294 4531 not.
1312 4474 1351 4530 ad
