2950 4992
216 171 279 241 138
380 274 383 279 y
695 167 905 238 Mutuom]

211 346 304 411 trito:
347 339 403 408 διὰ
421 339 516 406 πέντε
537 345 658 406 mactat
680 360 720 405 er
740 339 842 408 tribus
862 339 946 407 tonis
967 345 1000 406 ct
1020 338 1207 418 hemitonio,
1241 348 1273 406 et
1292 341 1329 408 lit
1347 342 1397 408 de

213 429 376 498 bemiolio:
401 423 592 493 διαπασῶν
610 433 732 491 constat
752 427 791 492 de
813 447 866 492 ser
887 427 984 505 tonis,
1004 433 1036 491 et
1058 426 1093 491 lit
1111 427 1150 492 da
1172 426 1309 513 duplari:
1335 449 1396 494 ve·

213 537 283 582 rum
306 510 363 580 dori
384 514 499 578 πασῶν
520 509 577 576 παὶ
598 507 655 576 διὰ
676 509 772 576 πέντε
791 521 968 579 constater
991 531 1103 578 norem
1130 514 1213 578 tonis
1235 521 1268 580 et
1287 513 1394 579 bemi-

212 602 313 676 tonio,
342 608 377 665 ct
396 600 432 664 lit
452 599 491 663 de
509 598 629 684 triplari
653 617 796 664 numero:
837 597 888 676 cta
908 607 1011 665 autem
1035 594 1090 663 aaa
1110 601 1225 663 πασῶν
1247 600 1395 666 continet

211 695 303 752 tonos
324 685 504 761 duodecim,
522 695 556 749 ct
578 686 613 749 lit
633 705 672 748 ex
693 684 877 770 quadruplo.

296 772 335 836 lb
379 770 460 836 Hinc
481 770 587 849 Plato,
614 777 777 869 postquam
799 778 835 834 et
851 769 1072 856 Pythagoricae
1094 769 1288 835 successione
1311 770 1391 836 doc-

210 857 311 922 trinae
330 864 363 922 et
383 855 499 1008 ingenii
521 857 638 942 proprii
660 856 762 922 (lirina
784 856 991 941 profunditate
1011 855 1154 942 cognovit
1175 856 1290 920 nullam
1313 877 1390 922 csse

210 963 301 1029 posse
323 943 390 1007 sine
438 944 465 1006 is
486 943 624 1007 numeris
651 941 817 1027 iugabilem
839 942 1081 1028 conpetentiam,
1122 941 1154 1004 in
1176 941 1300 1008 Timaeo
1321 963 1388 1007 suo

162 1028 342 1116 [reoJmundi
363 1027 496 1093 animam
599 1027 730 1092 istorum
754 1047 955 1094 numerorum
977 1025 1207 1093 contextionem
1235 1026 1387 1092 ineffabili

232 1114 403 1178 mridcntia
424 1113 474 1197 dei
495 1048 686 1178 iabbbcatoris
707 1113 850 1179 instituit.
894 1115 990 1181 Cuius
1013 1133 1121 1178 sensus
1147 1113 1172 1176 si
1196 1113 1268 1178 buic
1293 1113 1386 1198 operi

210 1136 304 1266 buerit
323 1199 490 1285 adpositus,
508 1199 676 1285 plurimum
697 1220 754 1263 nos
774 1200 811 1264 ad
830 1199 995 1266 verborum
1016 1197 1183 1276 Ciceronis,
1225 1219 1284 1264 uae
1300 1199 1385 1264 circa

179 1284 402 1370 idisciplinam
425 1285 560 1350 musicae
580 1285 724 1350 videntur
746 1284 891 1362 obscura,
928 1285 1117 1350 intellectum
1142 1219 1267 1349 iuvabit
1310 1284 1385 1363 Sed,

209 1392 250 1436 ue
269 1371 352 1455 quod
371 1371 403 1434 in
426 1369 630 1456 patrocinium
650 1369 777 1434 alterius
797 1370 998 1456 expositionis
1019 1369 1183 1436 adhibetur
1203 1371 1303 1455 ipsum
1325 1391 1386 1455 per

209 1478 242 1522 sc
264 1454 386 1522 difficile
408 1455 564 1531 credatur,
599 1476 694 1541 pauca
720 1455 811 1520 nobis
832 1456 1055 1542 praemittenda
1078 1462 1151 1520 sunt
1200 1475 1258 1520 uae
1286 1455 1382 1523 simul

179 1542 371 1640 dulciusque
392 1540 633 1626 intellegentiam
658 1540 772 1606 iaciant
792 1542 982 1607 lucidiorem.
1025 1541 1128 1607 Omne
1154 1475 1287 1609 sbbdum
1312 1561 1383 1606 cor·

208 1649 267 1713 pus
287 1635 368 1692 tnua
389 1626 581 1693 dimensione
603 1627 803 1692 distenditur:
842 1627 935 1693 babet
959 1627 1041 1692 enim
1066 1626 1289 1712 longitudinem
1311 1627 1383 1692 lati-

208 1713 347 1778 tudinem
360 1714 634 1812 prolanditatem,
673 1731 731 1810 nec
754 1720 856 1798 potest
878 1713 1009 1779 inveniri
1034 1713 1066 1778 in
1089 1713 1229 1812 qualibet
1249 1733 1382 1813 corpore

178 1797 1382 1972 4albitumtl:¹:lll:,tdtlltlzlllldtltltls

206 1968 434 2047 mathematica,
457 1969 634 2054 cogitationi
655 1976 777 2034 tantum
802 1971 994 2049 subicienda,
1019 1991 1082 2034 nou
1104 1971 1218 2035 sensui.
1261 1972 1381 2036 Dicunt

206 2053 289 2118 enim
315 2062 464 2143 punctum
492 2075 604 2140 corpus
630 2075 698 2118 csse
727 2055 920 2121 individuum
945 2057 977 2120 iu
1001 2075 1064 2138 quo
1087 2053 1189 2138 neque
1215 2056 1378 2140 longitudo

206 2159 307 2226 neque
328 2140 458 2205 latitudo
481 2161 537 2205 uec
558 2139 687 2205 altitudo
706 2139 961 2226 deprehendatur,
980 2138 1095 2224 quippe
1117 2139 1200 2224 quod
1221 2139 1253 2202 in
1275 2142 1377 2206 nullas

175 2225 307 2312 5partes
325 2226 419 2292 dividi
441 2226 546 2326 possit.
588 2226 656 2291 Hoc
676 2234 863 2312 protractum
884 2223 978 2290 efficit
999 2223 1121 2320 lincam,
1142 2221 1172 2286 id
1194 2230 1241 2287 est
1260 2243 1373 2308 corpus

203 2312 299 2378 unius
323 2311 538 2378 dimensionis:
564 2313 691 2398 longum
714 2320 762 2378 cst
782 2311 864 2376 enim
885 2309 951 2375 siue
973 2309 1034 2374 leto
1057 2307 1217 2383 sincello,
1241 2314 1272 2374 ct
1294 2307 1371 2372 duo·

203 2398 262 2466 bus
283 2399 405 2487 punctis
426 2421 465 2466 cr
492 2406 624 2485 utraque
645 2405 733 2486 parte
761 2397 857 2464 solam
887 2393 1108 2482 longitudinem
1134 2393 1374 2460 terminantibus

272 2605 340 2659 Moe.
358 2606 586 2670 BCFSPRUGJ

202 2691 312 2743 milonio
328 2690 469 2744 Se-bPGl.
511 2693 645 2743 semitono
665 2707 727 2760 r-g.
749 2715 782 2728 —
814 2695 838 2742 et
846 2691 883 2756 fit
899 2705 931 2740 aa
950 2688 1054 2756 epitrito
1073 2687 1211 2754 diapente:
1228 2692 1257 2738 el
1273 2693 1377 2738 adnotat

203 2773 228 2808 v.
251 2785 282 2794 -
308 2757 448 2811 leemitcac
467 2759 554 2819 (inira
571 2765 694 2826 quoque)
716 2757 811 2826 vicbg.
835 2783 869 2796 -
898 2765 923 2807 et
942 2757 974 2807 de
992 2755 1113 2806 hemiolio
1125 2755 1162 2820 fit
1184 2755 1234 2803 lli.
1257 2783 1291 2792 --
1319 2754 1376 2805 aeri

203 2817 250 2874 διὰ
269 2824 366 2875 πασῶν
382 2823 430 2876 παὶ
447 2822 494 2877 διὰ
509 2822 588 2880 πέντε
607 2844 667 2893 v·g.
702 2843 792 2878 amm
809 2823 1118 2876 ΔΙΑΠΑΟΩΝΚΑΙΑ
1126 2821 1215 2873 ΠΕΝ
1242 2821 1267 2872 Ε
1287 2821 1321 2874 Β.
1338 2849 1374 2860 -

203 2892 236 2943 do
254 2892 371 2959 duplari
388 2899 462 2960 (sup.
483 2895 603 2963 triplam]
619 2895 651 2945 F.
669 2923 704 2932 —
719 2910 829 2945 aamero
845 2909 900 2943 om.
920 2893 972 2942 Ra.
988 2920 1021 2930 -
1041 2891 1097 2941 Bia
1114 2898 1201 2940 autem
1243 2925 1250 2940 .

271 2959 307 3010 ll.
347 2963 433 3028 Caput
453 2962 489 3012 11.
527 2963 606 3014 Plato
624 2980 699 3030 poem
717 2964 746 3012 ia
767 2961 872 3012 modum
890 2961 1007 3010 enimam
1025 2957 1118 3008 maadi
1139 2973 1169 3008 er
1191 2958 1306 3010 aemerio
1320 2961 1375 3022 sa-

201 3028 328 3079 tricatam
347 3046 401 3080 esse
418 3030 550 3091 docuerit:
579 3039 603 3082 et
621 3031 691 3098 qaod
707 3031 768 3082 ltine
786 3031 865 3080 etiam
881 3029 991 3094 probari
1006 3027 1104 3092 possit,
1121 3033 1272 3077 concentum
1290 3043 1375 3093 μασπ-

202 3097 264 3147 dam
279 3114 335 3149 esse
350 3097 497 3149 coelestiam
515 3113 658 3165 corporum.
676 3098 756 3149 cla-b.
909 3101 934 3145 1.
971 3095 1042 3145 Hine
1058 3101 1083 3145 et
1101 3107 1161 3160 v·g.
1179 3119 1214 3132 -
1229 3102 1373 3161 postquam

201 3179 236 3214 ea
253 3163 284 3215 F.
317 3175 457 3232 postauam
474 3182 488 3216 e
503 3172 577 3231 (sup.
593 3171 638 3224 eo)
651 3166 701 3216 ur.
735 3171 875 3232 postquam
892 3167 959 3222 (ona.
977 3167 1015 3222 el)
1033 3178 1095 3228 v-g.
1109 3187 1143 3198 -
1160 3162 1294 3213 doctrinae
1312 3180 1373 3214 eac-

200 3232 385 3283 cessionem.
406 3261 434 3270 -
453 3235 562 3301 propria
579 3237 667 3294 [corr.
686 3233 714 3284 ia
730 3231 854 3300 propitii)
873 3228 904 3280 F.
923 3257 959 3268 -
975 3231 1003 3279 ia
1024 3228 1140 3296 limoso]
1164 3245 1191 3295 p.
1209 3229 1243 3280 at
1262 3246 1321 3296 sqq.
1336 3259 1373 3270 -

201 3303 383 3352 coaleaioaem
401 3301 423 3351 0
439 3301 476 3362 (F
491 3319 553 3368 sup.
571 3302 633 3352 add.
652 3307 686 3362 t).
721 3299 953 3352 commistionem
971 3297 1022 3349 Bv.
1047 3323 1082 3336 ·-
1106 3298 1279 3361 fabricatam
1300 3299 1371 3350 Bura.

203 3395 229 3406 -
260 3374 396 3423 verboram
415 3387 429 3421 e
447 3377 531 3430 (corr.
548 3371 576 3422 ia
594 3371 635 3422 cd
651 3371 801 3427 verboram]
819 3367 870 3418 Rl.
898 3393 934 3405 -
958 3365 1075 3416 musicae
1092 3365 1176 3418 artie
1195 3364 1225 3416 G.
1271 3369 1373 3420 maslai

199 3437 260 3487 m:
404 3443 429 3490 2.
468 3439 722 3507 praetermittenda
744 3437 792 3487 Bu
817 3433 853 3497 (F
876 3451 947 3486 corr.
968 3433 997 3484 in
1018 3438 1142 3502 praem).
1194 3434 1371 3488 adicienda

200 3511 276 3570 (sup.
290 3508 538 3571 proetmmiltendu)
557 3506 587 3557 G.
740 3508 764 3556 3.
801 3519 894 3572 corpas
912 3503 1026 3558 relidam
1050 3502 1100 3552 R2.
1122 3529 1157 3539 -·
1180 3508 1211 3551 et
1226 3503 1372 3568 profundi-

199 3579 280 3623 tatem
298 3572 329 3622 F·
347 3601 381 3612 -
399 3577 428 3626 ia
447 3573 560 3642 quolibet
576 3590 681 3642 corpore
696 3573 810 3624 inveniri
830 3573 882 3622 ill.
1032 3572 1059 3620 4.
1093 3585 1202 3636 corpora
1219 3571 1269 3621 eibi
1284 3569 1315 3621 F.
1334 3597 1371 3612 -··

199 3639 378 3689 :obiicientia
395 3643 465 3693 Bau.
501 3643 664 3694 subiacenti
670 3659 687 3692 a
705 3639 793 3703 „libri
813 3645 889 3701 vett,
908 3635 1035 3704 quumvis
1054 3637 1077 3700 l,
1096 3640 1128 3687 15
1153 3637 1176 3702 [ᾗ
1194 3637 1231 3702 5.]
1251 3638 1371 3690 dixerit:

198 3705 299 3772 reliquo
317 3708 382 3775 igne
399 3712 504 3761 caelesti
522 3712 603 3761 laeam
623 3725 698 3761 mam
712 3727 766 3760 aaa
784 3709 936 3759 subiiciente
954 3706 1130 3772 conspectui.“
1154 3705 1241 3756 Gran.
1292 3705 1371 3758 Adde

199 3775 237 3826 lb.
256 3774 269 3838 μ’
285 3777 312 3823 2·
330 3777 460 3827 subiectus
477 3785 515 3829 est
534 3779 631 3842 aculis,
654 3795 678 3828 c.
696 3781 746 3840 Ῑβ,
765 3778 778 3842 5
799 3780 839 3827 la.
857 3774 1080 3828 subloolaoealia.
1100 3797 1133 3813 ·-
1153 3774 1181 3823 ia
1198 3791 1250 3842 pua
1267 3791 1323 3829 aco
1342 3793 1369 3828 v.

199 3844 313 3899 latitudo
332 3859 414 3910 nepae
433 3844 475 3894 loa
499 3845 574 3896 itudo
594 3844 626 3894 F.
647 3873 681 3882 -
703 3862 802 3912 aeque
820 3845 934 3897 altitudo
955 3839 1188 3892 urucast’blo.
1340 3847 1368 3894 5.

199 3911 369 3966 dimensionis
384 3912 464 3965 anina
507 3915 533 3962 2
554 3940 589 3950 —
610 3913 737 3966 eiaealto
756 3913 832 3974 (add.
850 3927 867 3965 a
885 3927 940 3964 soc.
958 3927 995 3962 m.
1011 3911 1068 3962 aine
1087 3911 1155 3970 lato)
1174 3907 1205 3960 C.
1238 3911 1295 3962 eine
1314 3911 1371 3964 alta

232 4102 275 4165 ll,
295 4106 318 4153 l.
356 4101 593 4184 Pythagoricae..
611 4100 759 4169 doctrinae]
831 4105 868 4184 ⁴8.
906 4101 988 4184 (imae
1010 4099 1137 4183 'solidam
1170 4115 1183 4150 c
1250 4117 1263 4151 e
1296 4101 1370 4154 trina

196 4169 497 4305 ,lidtltlllalt
514 4170 760 4291 baldat:
802 4165 1370 4316 lizi-²:¹²⁰dzttl‘ltlSalat:„⁹2

193 4309 298 4369 factam
327 4309 439 4359 ratione.
480 4307 537 4359 Alii
565 4307 679 4374 Orpheo
706 4307 759 4358 tri·
807 4297 915 4374 inpletis
933 4321 1051 4371 carpas
1072 4305 1227 4369 solidare,
1250 4313 1368 4370 atquae

197 4373 287 4423 bauai
310 4373 434 4426 musicae
458 4376 591 4429 caelestis
618 4375 758 4428 inventio·
807 4373 943 4439 legantur
971 4369 1040 4424 ibid.
1068 4372 1134 4423 inde
1159 4385 1175 4424 a
1202 4372 1216 4438 5
1238 4378 1265 4424 't-
1293 4377 1323 4424 et
1344 4373 1368 4438 l,

197 4453 271 4486 nem·
307 4440 366 4490 Vid.
386 4445 569 4508 notadgll.
808 4441 892 4502 ΜΘ.

236 4503 376 4568 'ugatilern
395 4509 598 4576 competentiam]
620 4509 663 4560 cf.
682 4507 695 4574 5
717 4512 756 4560 18.
841 4507 866 4554 4.
902 4519 969 4570 qaae
1002 4505 1140 4574 appellaret
1170 4485 1367 4577 mathematico]

198 4569 227 4614 ec
245 4566 269 4628 1,
285 4572 312 4630 e,
329 4574 372 4622 aa.
556 4621 559 4628 ,
806 4571 857 4624 er..
869 4571 892 4638 1,
910 4575 936 4637 s,
952 4573 997 4622 aa
1190 4623 1193 4632 Δ
