2950 4992
207 130 272 198 222
591 114 763 185 lucum
785 112 995 182 AUCTORIS

209 300 297 355 aditae
315 296 349 349 de
365 290 509 347 altitudine
524 288 600 350 colio,
629 286 745 355 qualiter
764 286 797 337 ai
813 284 856 338 lie
873 287 953 339 eliam
972 284 1018 353 qui
1035 285 1128 337 remoti
1145 292 1206 337 eunt
1221 286 1250 336 in
1267 286 1394 353 qualibet

208 394 296 439 terrae
309 379 419 448 regione
435 373 619 443 conprehendi
633 372 729 440 poenit,
759 370 987 434 manifectandum
1003 376 1048 421 eet.
1085 370 1129 422 Ad
1146 370 1216 438 quod
1235 370 1304 421 duae
1327 386 1392 421 mo-

211 468 259 520 dun
274 478 407 534 propono,
427 475 509 512 unum
526 456 668 509 meundum
684 455 805 506 uenirem
822 455 977 523 gnomonie‚
1004 452 1088 505 alium
1104 454 1245 505 eeoundum
1262 454 1391 505 medioli-

158 553 194 602 24
211 552 285 604 niun
302 556 327 601 et
345 546 454 598 redium
476 542 548 597 eolie.
585 540 736 593 Secundum
759 554 916 607 gnomonem
937 538 983 589 oio.
1021 538 1154 605 dirigatur
1175 538 1392 606 orthogonaliter

211 648 310 704 gnomo
326 629 465 683 euiuelilm
481 624 641 695 quantitatis
657 624 696 675 ad
711 623 818 674 radium
835 622 900 674 eolie
921 622 950 674 in
970 622 1059 674 media
1077 622 1129 673 elie·
1168 622 1270 673 Deinde
1291 624 1392 673 umbra

211 734 290 787 quan
307 730 406 785 gnomo
426 710 532 781 proiicit
557 709 703 777 diiigenter
723 722 783 758 eum
803 706 862 774 ipeo
885 714 1063 775 comparetur:
1097 713 1122 757 et
1140 706 1231 756 eadem
1247 708 1393 773 proportio

160 808 196 856 25
212 806 281 855 inter
305 798 476 851 altitudinem
495 793 559 846 eolie
580 800 608 844 et
631 792 749 860 epotiune
774 790 844 859 quod
865 790 1003 842 interiacet
1030 805 1085 841 ecee
1104 791 1299 857 pronuntietur,
1350 793 1392 843 Et

211 888 276 956 quia
297 884 373 936 illiue
391 879 474 948 epatii
495 877 633 945 quantitee
655 883 764 943 propter
789 876 832 926 eui
858 874 1060 926 immeneitatem
1088 882 1150 925 autu
1176 874 1308 941 vestigari
1331 892 1393 926 non

160 976 197 1024 uu
212 976 307 1039 patret,
324 972 384 1018 erte
398 971 541 1016 rnroroun
557 968 596 1014 eet
612 960 780 1013 metiendum.
817 958 984 1025 Quapropter
998 974 1101 1009 moneor
1118 958 1155 1009 ad
1170 960 1311 1010 recondam
1326 968 1391 1013 eta-

212 1056 309 1107 tionem
329 1056 472 1102 retroreum
488 1052 588 1115 pergat
609 1045 746 1097 etiterum
761 1058 845 1111 cupre
862 1042 932 1093 dieto
955 1056 1086 1111 gnomone
1106 1050 1189 1094 erceto
1211 1044 1331 1095 amiram
1351 1046 1391 1097 ad

212 1135 432 1204 aanparetionem
449 1131 576 1194 adducat,
592 1130 736 1195 iterumque
749 1127 860 1179 eaodem
876 1126 946 1178 inter
960 1126 1129 1179 altitudinem
1147 1126 1210 1179 eoiie
1227 1135 1253 1179 et
1269 1130 1391 1195 epatium

213 1221 283 1290 quod
299 1218 463 1271 interieotuno
479 1221 517 1267 eet
536 1212 756 1281 eonperotionem
772 1226 828 1262 ene
840 1210 1008 1278 pronuntiet,
1037 1226 1105 1278 quae
1118 1213 1206 1275 suerit
1226 1212 1296 1264 inter
1314 1230 1390 1282 gno-

213 1320 314 1357 monem
326 1310 351 1355 et
360 1301 480 1353 umbram
498 1299 555 1351 eiue
571 1295 734 1364 eomparatio
749 1296 873 1355 inuentae
889 1301 914 1346 et
928 1294 1029 1358 uideat,
1043 1303 1170 1362 quantum
1185 1296 1256 1347 iaeio
1269 1300 1392 1350 necundo

212 1388 328 1458 prinam
342 1386 420 1438 luein
439 1390 557 1451 euperet,
585 1382 650 1449 quia
669 1379 718 1431 'loe
734 1387 773 1432 eet
791 1379 908 1447 epatium
925 1378 995 1445 quod
1016 1386 1055 1433 eet
1078 1380 1146 1432 inter
1163 1381 1278 1448 primam
1300 1390 1325 1435 et
1346 1400 1391 1434 se-

163 1485 198 1533 pt
215 1473 329 1526 endan
346 1470 494 1524 etationem.
531 1466 590 1531 Quo
607 1464 753 1534 diligenter
770 1478 873 1515 emoneo
889 1478 937 1530 per
954 1463 1012 1514 eiue
1031 1464 1207 1530 quantitatem
1225 1473 1312 1517 cetera
1330 1486 1391 1519 om-

214 1559 263 1609 nia
276 1556 363 1623 facile
377 1558 524 1623 pateeeunt.
559 1548 633 1600 Hace
650 1547 764 1600 dreoiter
780 1547 985 1599 traneeurrimue
1001 1554 1141 1615 propterea
1158 1549 1229 1615 quod
1247 1552 1338 1603 omnia
1358 1570 1391 1605 ea

163 1652 200 1701 n
215 1656 297 1709 cupra
315 1639 393 1691 diatie
415 1635 557 1690 catini-e
576 1640 702 1686 omnent.
746 1633 798 1685 Eut
814 1639 902 1683 autern
919 1631 991 1683 aliue
1005 1632 1098 1682 modue
1115 1632 1196 1701 longe
1213 1634 1265 1685 ieto
1276 1638 1392 1701 facilior

215 1742 263 1777 nee
279 1732 384 1777 tantun
400 1722 515 1773 dolorem
531 1725 668 1787 moieno,
693 1718 724 1769 in
740 1716 836 1784 quaid
852 1716 943 1784 magio
957 1716 1073 1778 atrato,
1104 1718 1175 1783 quod
1191 1725 1246 1769 tam
1267 1720 1392 1787 difficilia

216 1817 325 1874 temque
341 1805 459 1857 collinit
475 1820 519 1855 ree
533 1803 589 1854 eine
606 1801 708 1870 grandi
724 1800 868 1871 argutione
883 1808 908 1853 et
926 1800 983 1853 eine
1000 1800 1131 1852 laiorioea
1150 1805 1312 1855 eerutatione
1327 1822 1390 1857 ma-

165 1890 200 1938 ii
215 1893 317 1956 aiseeta
331 1892 397 1956 fiet.
431 1887 551 1939 Auditur
562 1886 727 1953 firmamenti
748 1884 844 1947 ionae,
868 1884 914 1951 qui
933 1885 963 1936 in
980 1892 1106 1937 trecentae
1123 1888 1267 1956 eeoaginta
1283 1891 1392 1957 gradun

217 1976 318 2029 diaieue
333 1981 386 2037 eet,
409 1979 497 2025 terrae
513 1970 641 2023 emlitum
658 1970 699 2022 ita
714 1970 802 2022 medio
818 1970 943 2021 iilratum
961 1969 1017 2021 ioco
1034 1969 1226 2037 eompleetitur,
1249 1980 1280 2025 ut
1296 1990 1314 2024 a
1331 1976 1391 2026 ein-

216 2060 292 2131 gulia
313 2055 542 2111 euae.dioieionie
561 2055 711 2107 interetitiie
734 2054 813 2106 reetie
837 2053 914 2105 lineie
934 2052 1054 2105 deoreum
1079 2054 1199 2107 deductio
1223 2057 1252 2108 in
1278 2060 1392 2111 totidem

216 2152 308 2214 pertee
323 2143 411 2211 ipeum
428 2140 555 2193 ambitum
573 2139 671 2191 terreni
687 2138 763 2207 gladi
781 2136 947 2206 dietinquere
962 2137 1094 2189 utentur.
1132 2138 1190 2203 Quo
1199 2142 1249 2206 fit,
1271 2150 1302 2193 at
1323 2144 1392 2195 ittae

217 2228 338 2281 oueleetie
352 2234 444 2295 parter
458 2224 547 2295 gladi,
571 2222 631 2275 lieet
647 2221 915 2289 incompreieemiiiiie
932 2221 986 2273 eint
1003 2222 1211 2291 magnitudinie‚
1232 2224 1391 2288 distamen,

218 2330 287 2382 quae
304 2313 333 2363 in
353 2310 453 2362 amiitu
470 2315 557 2360 terrae
574 2306 621 2358 eui
639 2314 711 2359 eerta
728 2312 850 2361 tenentur
866 2321 998 2367 mentera,
1015 2306 1136 2373 partibor
1152 2324 1234 2375 aequa
1250 2310 1392 2363 circuitio-

167 2400 203 2448 60
218 2398 261 2451 nie
288 2394 427 2464 parilitate
457 2391 641 2459 reupondeant.
694 2390 726 2443 Si
753 2406 819 2459 ergo
847 2406 866 2440 a
893 2390 1049 2456 quiiuoiilet
1077 2392 1177 2443 duodus
1199 2392 1324 2461 gradiiue
1354 2412 1391 2447 ea

223 2479 349 2535 cccix
364 2477 529 2545 firmamenti
554 2475 686 2544 gradidae
710 2475 798 2525 lineum
821 2481 908 2526 rectae
932 2490 1015 2541 aeque
1036 2475 1072 2526 ml
1093 2484 1191 2527 terram
1214 2476 1390 2543 deducantur,

175 2624 181 2634 ,
219 2573 283 2634 quot
298 2564 403 2635 gradun
422 2564 533 2629 desuper
549 2576 581 2612 ee
598 2560 729 2628 graditur
738 2558 904 2626 fimameroti
921 2559 989 2611 inter
1004 2574 1032 2611 ee
1049 2560 1189 2621 continent,
1210 2560 1329 2613 deoroum
1346 2570 1391 2616 to-

217 2650 300 2703 tidem
317 2664 349 2700 ee
365 2647 509 2699 erinoriiue
526 2644 658 2715 grediiom
675 2642 773 2695 terreni
793 2643 908 2695 ambitur
930 2642 1142 2711 complectentur:
1176 2652 1201 2695 et
1223 2660 1302 2712 quom
1323 2664 1389 2714 pro-

218 2733 366 2802 portionem
381 2746 473 2781 corum
490 2728 661 2781 interuallum
677 2727 791 2794 deeuper
806 2728 844 2778 ad
861 2734 943 2780 totum
953 2728 1120 2793 firmamenti
1139 2730 1266 2781 ambitum
1288 2731 1388 2783 dolue-

219 2818 270 2881 rit,
291 2814 402 2867 eaodem
419 2813 512 2880 prooui
529 2812 609 2865 dudio
626 2813 757 2864 dietantia
774 2812 893 2879 iptorum
912 2812 1032 2863 deorrum
1051 2812 1087 2862 ad
1103 2819 1186 2865 totum
1202 2820 1289 2867 terrae
1304 2818 1389 2868 airau-

168 2902 202 2953 el
220 2901 275 2952 lum
290 2897 440 2951 continebit.
476 2896 538 2950 Sole
555 2897 642 2965 igitur
660 2896 690 2947 in
708 2896 781 2947 linea
795 2896 944 2949 meridiana
966 2895 1076 2962 demper
1098 2898 1239 2950 oonetituto
1256 2900 1390 2953 eulieoato

219 2984 372 3050 aetrolapeu
388 2988 480 3033 eontra
496 2981 554 3032 ciue
570 2979 678 3030 redium
697 2980 875 3031 mediclinium
896 2980 1080 3047 dieponamue‚
1114 2998 1223 3049 cumque
1243 3000 1303 3035 eum
1327 3002 1389 3037 nor-

219 3068 326 3121 maliter
339 3082 389 3134 per
403 3072 516 3132 utreque
534 3062 680 3115 mediclinii
694 3063 833 3127 foramina
849 3064 878 3114 in
896 3064 1022 3115 directum
1039 3065 1152 3117 trancire
1169 3067 1327 3130 viderimus,
1347 3086 1390 3121 re-

220 3154 299 3205 ducto
314 3149 404 3201 uiaie'm
421 3150 606 3212 e'netrurnento,
622 3164 687 3215 quoe
702 3146 808 3215 graden
825 3147 893 3199 inter
909 3148 1087 3200 mediclinium
1103 3157 1129 3201 et
1146 3150 1244 3201 lineam
1262 3154 1390 3205 meridia-

169 3240 205 3289 ³2
220 3252 283 3289 narn
301 3235 413 3302 deeuper
427 3238 609 3296 numerentur,
627 3232 821 3299 perquiramue·
858 3231 957 3297 Quilue
974 3232 1086 3285 inventio
1101 3234 1210 3285 totidem
1228 3235 1297 3287 inter
1312 3238 1392 3289 colem

219 3328 245 3375 et
261 3320 383 3374 oertioeee
399 3324 518 3371 nostrum
534 3318 568 3368 de
586 3316 711 3369 CCCLX
723 3316 804 3369 totiue
813 3317 979 3382 firmamenti
996 3317 1126 3385 graditur
1142 3318 1295 3371 nuliatenus
1313 3321 1391 3373 duli-

219 3416 318 3472 tenue,
351 3420 384 3457 ue
399 3420 448 3471 pee
465 3402 515 3454 doe
532 3401 654 3453 deoteum
674 3417 777 3468 quoque
793 3401 861 3453 inter
876 3417 924 3453 noe
941 3408 965 3453 et
985 3416 1043 3453 eum
1060 3400 1144 3454 locum
1155 3404 1207 3471 qui
1229 3412 1301 3456 reeta
1320 3406 1392 3457 linea

220 3490 332 3556 deeuper
356 3488 439 3540 colem
464 3486 573 3554 euepiee‘t
594 3486 702 3538 totidem
724 3486 758 3537 de
783 3484 908 3537 cccix
927 3486 1059 3553 gradibus
1081 3504 1145 3554 quoe
1169 3488 1283 3540 ambitae
1306 3496 1393 3541 terrae

169 3576 204 3625 63
221 3574 336 3623 eontinet
357 3571 492 3621 oerieeime
517 3572 694 3636 affirmamur.
745 3569 861 3635 Cumque
885 3570 1079 3621 trecentesimae
1101 3572 1283 3639 eeuageeimoe
1304 3575 1393 3640 partie

221 3654 319 3708 terreni
339 3653 453 3704 anetem
474 3668 598 3704 menoare
618 3660 683 3705 nota
705 3653 754 3716 eit,
790 3668 898 3705 numero
921 3654 1058 3720 graduum
1080 3654 1185 3707 inuento
1208 3664 1393 3723 consequenter

221 3739 338 3791 omnium
354 3735 448 3787 eimilie
466 3751 590 3787 meneura
607 3742 671 3787 nota
687 3736 746 3787 erit.
783 3736 815 3788 Si
831 3742 920 3789 autem
938 3736 1008 3789 lucie
1028 3754 1151 3790 mensura
1173 3746 1198 3791 et
1213 3738 1312 3791 catheti
1327 3756 1392 3808 pro-

225 3975 332 4029 cxffl
347 3982 372 4027 et
389 3976 441 4027 656
459 3980 486 4026 et
501 3971 639 4041 neptimom
656 3970 737 4022 uniue
755 3971 781 4034 6,
832 3970 924 4023 Goon.
959 3970 1093 4026 Fortunae
1118 3990 1216 4027 verum
1238 3981 1282 4027 ont
1308 3992 1394 4046 orgu-

219 4050 252 4094 ut
268 4046 320 4094 666
338 4040 463 4111 punitum
477 4040 516 4093 eit
534 4056 584 4107 pro
602 4038 735 4091 dextante
754 4044 783 4090 et
831 4041 941 4093 tatione.

220 4112 299 4177 ipro
314 4115 453 4163 eenteate.
488 4108 569 4176 Quod
587 4106 661 4161 unde
673 4106 785 4159 venerit
867 4109 909 4158 ³1.
924 4108 1110 4177 meridianam]
1121 4108 1395 4163 manuteneant.

220 4178 318 4232 dicere
336 4178 444 4231 aeneio.
867 4176 910 4227 ³2.
945 4176 1395 4246 totidem..duiitemuo]ee.eeuc,

254 4266 299 4314 aa.
334 4262 378 4314 Ad
395 4259 476 4327 qood]
493 4259 563 4312 nte,
580 4276 658 4327 qm
833 4240 895 4293 rete
915 4243 981 4308 qaia
1000 4242 1064 4296 etat.

221 4346 299 4473 „a
314 4342 497 4460 ‚morsu
520 4342 588 4396 m.
832 4310 1087 4446 mittente
1102 4311 1225 4431 etti
1252 4312 1303 4364 ¹⁰⁶

867 4459 932 4509 quoe
951 4480 978 4496 ..
996 4445 1121 4512 eontinet]
1149 4446 1224 4509 „Mn
1249 4462 1314 4513 quoe
1338 4464 1395 4500 am·
1462 4436 1463 4459 ³

256 4506 299 4552 28.
334 4505 485 4572 argutione]
508 4506 582 4571 „Mu
599 4508 782 4577 arguitione.“
831 4510 901 4563 lituo
913 4518 1001 4565 terrae
1014 4513 1128 4567 eontinet
1142 4513 1285 4569 amiitue.“
1304 4515 1396 4569 (inere.
