2950 4992
231 141 275 207 m
714 135 923 206 Mncuouu

231 309 295 374 ritu
316 315 421 374 autam
437 314 470 374 et
488 307 567 386 cibo,
587 306 701 392 quibus
721 305 916 392 accipiendis,
936 311 972 372 ut
990 305 1120 373 relatum
1144 313 1201 387 est,
1220 313 1312 394 atque
1331 306 1401 372 red·

232 393 341 458 dandis
375 394 514 458 membra
564 411 622 459 uae
655 391 790 459 diximus
824 413 895 458 oum
930 393 1080 458 meatibus
1107 392 1165 458 sibi
1191 391 1402 459 adiacentibus

232 478 433 555 obsecuntur,
457 478 556 544 hoco
613 485 733 543 rantum
755 483 816 553 est,
865 476 928 542 uod
948 477 1014 542 sine
1036 477 1149 544 haustu
1169 478 1297 564 spiritus
1318 477 1402 542 ultra

182 562 325 632 'tilherus
343 570 477 648 septem,
501 562 568 628 sine
588 563 658 628 cibo
678 563 761 628 ultra
781 498 910 628 tetidem
932 561 1013 638 dies,
1039 563 1100 627 vita
1121 583 1182 628 non
1204 563 1303 628 durat.
1348 562 1403 626 Sc-

229 655 315 733 ptem
335 669 461 733 quoquc
479 655 553 712 sunt
572 647 685 733 gradus
707 647 740 711 in
762 667 891 734 corpore
912 647 966 732 qui
985 645 1206 714 dimensionem
1229 645 1401 713 altitudinis

230 733 270 798 ab
290 733 354 797 imo
375 732 408 796 iu
427 732 621 817 superficiem
643 733 802 816 conplent,
837 731 971 798 medulla
993 753 1029 796 os
1052 753 1164 798 nervus
1186 751 1263 799 vena
1285 731 1401 797 arteria

180 818 303 885 80caro
322 817 411 882 cutis.
452 818 538 881 Haec
555 815 594 880 de
612 815 821 882 interioribus.
863 818 900 881 ln
918 824 1026 902 aperto
1046 838 1170 903 qunque
1192 823 1309 902 septem
1326 823 1403 882 sunt

233 901 371 987 corporis
399 908 517 985 partes,
556 907 650 984 caput
676 908 784 986 pectus
819 921 929 966 manus
959 901 1116 989 pedesque
1148 909 1181 968 et
1212 901 1402 987 pudendam.

181 989 316 1069 [tultam
343 1005 423 1071 quae
448 984 627 1050 dividuntur
652 1005 716 1049 non
743 985 803 1050 nisi
831 993 949 1071 septem
977 987 1165 1074 conpagibus
1189 987 1292 1054 iunma
1312 992 1401 1050 sunt:

231 1071 316 1136 utin
337 1069 480 1134 manibus
502 1078 550 1134 est
573 1069 909 1154 humerus-brachium
938 1072 1060 1137 cubitus
1088 1073 1157 1138 vola
1181 1079 1213 1137 et
1234 1072 1400 1157 digitorum

232 1154 305 1218 nodi
324 1154 419 1232 terni,
457 1153 490 1218 in
513 1154 643 1237 pedibus
665 1175 739 1219 vero
761 1155 861 1220 lemur
880 1177 963 1240 genu
982 1157 1056 1222 tibia
1077 1178 1133 1242 pes
1152 1157 1233 1243 ipse,
1262 1155 1400 1240 subque

181 1245 220 1312 81
233 1239 301 1305 vola
318 1246 374 1316 est,
391 1245 423 1302 et
439 1239 605 1323 digitorum
623 1238 765 1306 similiter
781 1241 854 1306 nodi
870 1241 961 1306 tomi.
1002 1242 1045 1305 Et
1062 1242 1134 1326 quia
1153 1263 1262 1308 sensus
1278 1261 1402 1307 camm-

231 1344 295 1472 pue
313 1323 484 1388 ministeria
503 1331 613 1388 natura
633 1323 667 1388 in
692 1324 790 1409 capite
812 1325 897 1390 velut
917 1325 949 1388 in
975 1346 1044 1391 arce
1072 1327 1247 1401 constituit,
1283 1333 1403 1410 septem

243 1408 433 1473 oraminibus
457 1429 606 1475 sensuum
631 1409 826 1475 celebrantur
849 1408 965 1487 officia,
1006 1409 1037 1473 id
1064 1417 1112 1474 est
1137 1410 1200 1475 oris
1226 1431 1262 1474 ac
1289 1410 1402 1476 deinde

231 1493 392 1560 oculorum
414 1494 535 1559 narium
556 1506 588 1558 et
606 1494 727 1560 aurium
748 1495 844 1559 binis:
867 1493 951 1562 undo
973 1515 1035 1560 non
1055 1493 1200 1559 inmerito
1220 1494 1271 1558 hic
1291 1515 1403 1560 nume-

232 1599 296 1657 rus,
316 1579 412 1645 totius
432 1577 564 1644 fabricae
585 1579 778 1664 dispensator
799 1587 831 1644 et
852 1579 1004 1655 daminus,
1025 1577 1123 1662 aegris
1145 1598 1270 1664 quoque
1291 1599 1402 1662 corpo·

234 1662 320 1728 ribus
352 1663 523 1747 periculum
551 1664 752 1730 sanitatemve
783 1664 953 1730 denuntiat.
1001 1665 1099 1729 lmmo
1127 1662 1196 1727 ideo
1223 1669 1255 1726 et
1281 1671 1402 1746 septem

233 1747 370 1814 motibus
390 1769 482 1812 omne
503 1769 615 1833 corpus
634 1749 782 1832 agitatur:
805 1757 859 1816 aut
878 1750 959 1814 enim
979 1747 1110 1814 accessio
1128 1754 1176 1811 est
1195 1753 1248 1811 aut
1269 1746 1404 1810 recessio

234 1839 288 1896 aut
310 1831 341 1894 in
365 1831 480 1895 laevam
503 1830 681 1897 dextramne
704 1833 835 1899 dellexio
864 1841 918 1899 aut
937 1853 1061 1900 sursum
1089 1831 1158 1916 quis
1180 1851 1235 1895 seu
1256 1829 1403 1896 deorsum

98 1917 103 1926 “
183 1919 377 1985 82moaetur
398 1915 505 1980 autin
532 1915 638 1979 orbem
660 1925 789 1982 rotatur.
837 1918 898 1982 Tot
922 1917 1089 1984 uirtutibus
1115 1914 1277 2000 insignitus
1302 1922 1403 2012 septe·

235 1997 349 2074 narius,
367 2017 444 2080 quas
465 1997 513 2063 ael
534 1999 572 2063 de
591 1999 731 2083 partibus
751 2001 815 2067 suis
834 2009 994 2067 mutuatur
1012 2002 1060 2067 vel
1078 2008 1163 2066 tatus
1184 2006 1314 2075 exercet,
1335 2021 1403 2065 rure

234 2082 345 2168 plenus
366 2089 398 2145 et
418 2081 549 2146 babetur
575 2090 607 2146 et
632 2083 754 2148 dicitur.
795 2086 837 2149 Et
859 2085 1015 2160 absoluta,
1046 2092 1082 2149 ut
1102 2083 1251 2161 arbitror,
1283 2084 1403 2150 ratione

235 2169 296 2230 iam
319 2166 471 2244 constitit,
500 2187 555 2231 cur
576 2167 703 2232 diversis
725 2189 765 2232 cx
785 2168 883 2234 causis
906 2177 976 2234 coto
1000 2175 1031 2232 et
1050 2176 1168 2253 septem
1190 2168 1272 2253 pleni
1293 2190 1404 2235 vocen-

183 2255 225 2322 83
235 2259 297 2318 tur.
344 2251 460 2316 Sensus
482 2259 586 2318 autem
606 2252 656 2316 hic
683 2261 744 2318 est:
787 2253 866 2320 Cum
888 2260 972 2318 aetas
990 2259 1043 2318 tue
1065 2253 1353 2339 quinquagesimum
1373 2263 1407 2320 ct

235 2344 356 2403 sertum
377 2357 492 2401 annum
511 2336 709 2422 conpleverit,
752 2359 809 2402 uae
829 2359 949 2402 summa
969 2337 1025 2402 tibi
1042 2337 1146 2402 fatalis⁴
1161 2339 1230 2415 erit,
1250 2360 1319 2424 spes
1335 2340 1404 2426 qui·

234 2422 305 2487 dem
327 2421 434 2486 salutis
455 2421 595 2505 publicae
617 2429 649 2487 te
671 2423 740 2488 aide
763 2423 796 2500 it,
817 2430 849 2487 et
869 2443 925 2507 pro
946 2422 1088 2488 remediis
1110 2424 1283 2488 communis
1305 2423 1402 2489 bono·

233 2528 303 2574 rum
330 2507 468 2572 omnium
498 2513 596 2572 status
621 2507 787 2574 uirtutibus
812 2507 874 2572 tuis
902 2507 1052 2573 dictatura
1082 2507 1259 2585 debebitur,
1297 2508 1350 2572 sed
1372 2510 1400 2574 si

234 2592 368 2660 evaseris
396 2591 523 2656 insidias
551 2592 805 2678 propinquorum.
853 2593 933 2658 Nam
967 2614 1023 2678 per
1055 2604 1188 2679 septenos
1218 2595 1304 2659 octies
1331 2593 1403 2658 sola'a

234 2679 399 2760 amfractus
419 2677 589 2763 reddasque
609 2678 832 2762 quinquaginta
851 2684 883 2742 et
908 2698 962 2742 sex
984 2677 1133 2762 significat
1154 2698 1266 2756 annos,
1292 2681 1404 2828 Ὕα-

235 2771 313 2824 mum
331 2761 402 2824 sola’s
422 2773 448 2825 ct
467 2761 596 2825 reddum
625 2782 741 2826 annum
767 2781 893 2827 vocans:
932 2765 1109 2848 amfractum
1134 2769 1261 2848 propter
1287 2783 1323 2828 zo
1347 2763 1403 2828 iaci

236 2844 396 2942 ambitum,
414 2846 551 2922 reddum,
569 2846 639 2931 quia
660 2847 768 2912 eadem
788 2847 873 2932 signa
893 2867 1062 2933 perennes
1081 2847 1219 2932 singulas
1237 2855 1319 2913 certa
1336 2849 1404 2934 lege

235 2936 372 2995 metatur.

303 3081 373 3134 Mac.
393 3081 660 3147 auspicandum]

235 3166 395 3219 Biblines.
546 3171 590 3219 te.
626 3168 664 3220 dc
681 3168 811 3220 meatibus
831 3183 855 3220 a.
890 3165 1109 3218 commeantibus
1127 3163 1199 3215 Bas.
1217 3188 1251 3202 -
1267 3173 1406 3220 umectum

235 3241 312 3301 (sup.
329 3235 392 3286 add.
409 3234 455 3294 ab)
472 3233 525 3286 Ru
540 3261 574 3274 -
591 3235 648 3287 aine
664 3236 721 3288 cibi
738 3251 792 3288 ιι.
826 3236 882 3288 sinc
899 3238 968 3292 (om.
984 3233 1048 3296 cito,
1065 3232 1116 3284 ral.
1134 3233 1203 3299 lac.)
1222 3231 1272 3282 Ra.
1288 3257 1322 3272 ·-
1340 3237 1406 3298 „ul-

234 3310 278 3354 tra
294 3304 402 3355 totidem
420 3303 476 3354 dica
493 3300 622 3354 Bauffa.
640 3303 746 3354 addunt
764 3301 972 3356 matuatatione“
989 3301 1061 3366 quod
1078 3299 1190 3352 videtur
1208 3299 1350 3368 pertinere
1369 3303 1407 3356 ad

234 3372 292 3423 citi.
444 3375 487 3422 79.
522 3368 977 3438 mutpucpueRleiaa·bPBaa.
1127 3371 1171 3418 80.
1206 3369 1406 3422 dracbiusstn.

233 3463 267 3478 -
285 3438 355 3490 terni
370 3438 435 3490 nodi
458 3437 624 3492 cb-bl’lln.
645 3465 680 3477 -
702 3439 769 3491 sadi
784 3439 853 3490 terni
870 3437 990 3489 similiter
1010 3434 1076 3502 cbg.
1110 3436 1175 3488 nodi
1193 3438 1261 3488 terni
1278 3439 1348 3503 (om.
1366 3439 1406 3490 ri-

234 3506 346 3564 militer)
368 3505 402 3556 B.
554 3510 598 3556 81.
637 3513 735 3572 ceptam
753 3507 867 3570 saritur
889 3504 939 3554 iil.
961 3531 994 3542 -
1018 3504 1191 3570 auriumque
1214 3504 1244 3556 F.
1266 3529 1299 3544 ·-
1323 3507 1406 3558 tatius

235 3586 290 3621 om.
306 3572 337 3621 Ρ.
359 3600 385 3610 -
405 3571 922 3626 nunciatum-tumuerunt.
956 3572 1035 3623 imma
1053 3587 1127 3622 acra
1146 3571 1205 3622 idco
1221 3579 1246 3623 ct
1263 3571 1291 3622 S.
1325 3573 1406 3628 imma

234 3645 260 3687 ct
278 3644 374 3702 acptcm
391 3642 503 3691 matibua
518 3640 577 3691 idea
596 3640 627 3690 F.
646 3667 680 3679 -·
701 3641 841 3693 ascensio
859 3639 931 3690 Bau.
954 3667 979 3676 -
1000 3647 1059 3691 aut
1078 3639 1198 3690 deorsum
1217 3639 1252 3689 G.

233 3706 278 3753 82.
312 3705 428 3754 constitit
445 3708 515 3766 (aaa.
531 3707 599 3772 ium)
614 3708 665 3758 Rl.
700 3708 756 3758 iam
773 3707 908 3760 conaiatit
926 3706 948 3756 [r
967 3707 1024 3767 (R2
1040 3723 1103 3770 sup.
1121 3705 1163 3758 acl
1180 3705 1319 3764 constitit).

235 3775 279 3822 83.
313 3770 480 3836 conpleverant
498 3777 574 3838 (cup.
591 3775 627 3832 it)
646 3773 680 3824 Β.
696 3801 733 3813 -
748 3791 851 3828 nummu
869 3775 998 3842 quidem
1010 3773 1112 3840 satalia
1132 3773 1184 3824 m.
1205 3800 1232 3812 ·-
1253 3790 1312 3841 spes
1328 3771 1405 3824 ralu-

234 3838 269 3892 tt'e
286 3838 392 3906 puidam
410 3837 461 3888 ΒΖ
479 3865 509 3875 -
531 3839 630 3894 uidebit
648 3847 674 3894 te
691 3840 743 3890 Rl.

231 3971 262 4024 la.
280 3989 304 4024 a.
323 3971 518 4040 cataphagae,
542 3975 619 4024 recta
634 3972 796 4040 principium
850 3974 942 4039 Quod
960 3980 1049 4026 autem
1066 3974 1181 4026 Alcaeus
1196 3979 1276 4042 pacta
1294 3971 1362 4025 dicit
1379 3978 1405 4026 at

231 4040 415 4092 intestinorum
430 4047 560 4103 vocatur,
588 4041 612 4092 ai
632 4039 795 4094 descendis:
845 4043 929 4109 uulgo
947 4043 1063 4093 canitur.

232 4106 274 4159 ita
292 4107 392 4170 etiam,
418 4107 444 4158 ai
461 4109 614 4160 accendere
634 4108 726 4171 lubet,
750 4125 795 4160 ru-
879 4111 922 4159 el.
958 4124 1111 4160 censue
1133 4115 1233 4161 uatum
1258 4107 1404 4174 incapite,

234 4182 307 4226 ctum
327 4175 402 4227 iatard
419 4177 542 4243 princepe
559 4193 609 4227 aaa
624 4176 794 4244 principatum
844 4176 916 4228 uelut
930 4175 959 4225 iu
976 4191 1050 4237 arce,
1069 4175 1212 4243 constituit]
1235 4175 1320 4226 Grau.
1340 4191 1406 4224 con-

231 4243 416 4294 intcstinorum
432 4244 546 4295 amnium
560 4243 616 4296 dici
631 4249 724 4309 potest
735 4259 795 4296 rne-
845 4243 915 4294 lert:
934 4241 1055 4305 „Minna
1066 4242 1127 4294 Fel.
1146 4243 1181 4308 [c.
1197 4241 1246 4309 lt]
1261 4258 1349 4294 omncs
1363 4278 1369 4290 .
1381 4277 1405 4292 ..

233 4306 320 4357 rito.“
338 4310 423 4361 Zaan.
459 4309 590 4364 Ceterum
606 4312 680 4363 cani.
698 4325 795 4376 appar.
845 4325 938 4362 aeacus
968 4309 1058 4362 velut
1086 4312 1122 4362 in
1156 4325 1231 4362 arce
1260 4309 1406 4376 compariti.

234 4371 301 4433 crit,
319 4375 493 4427 etabaervas
510 4379 714 4430 nominativum
730 4394 796 4443 pro·
846 4375 935 4428 Solia.
955 4375 983 4426 ia
1004 4377 1092 4440 prael·
1117 4378 1192 4428 Sicut
1209 4410 1254 4428 ...
1271 4383 1334 4427 autc
1351 4392 1406 4426 om-

235 4436 355 4486 uominia
373 4442 442 4503 puod
459 4458 492 4492 ex
510 4444 669 4496 accueatiao
687 4441 797 4494 intelli·
846 4443 895 4494 uia
913 4442 1041 4510 effigiant
1062 4444 1169 4496 madum
1188 4443 1326 4523 capitia,
1360 4459 1407 4494 nac

236 4499 368 4562 dmum·
404 4502 483 4556 conr.
506 4507 567 4564 Sat.
590 4510 655 4574 vll,
681 4512 726 4571 lo,
753 4513 794 4562 la.
846 4509 875 4562 in
900 4508 957 4560 alia
977 4508 1092 4562 mambra
1113 4511 1190 4578 priua
1209 4510 1295 4562 lancae
1322 4509 1406 4565 duti-
