2950 4992
190 102 234 171 30
669 96 878 166 Maenoba

193 270 269 337 baee
288 268 322 332 in
338 265 471 332 eundem
494 264 596 331 iocum
616 263 691 329 dieit
707 265 746 331 ab
766 268 904 334 Homero
924 268 981 335 sub
1004 268 1111 335 eadem
1135 270 1284 339 divisione
1304 272 1360 339 de·
1472 260 1473 281 ¹

144 354 355 438 rescriptum:
375 352 469 427 Latet,
489 349 600 435 inquit,
617 372 703 416 omne
721 374 841 418 veum:
860 354 915 419 boe
930 358 1157 433 tumea-onina,
1176 380 1243 422 eum
1259 359 1296 422 ab
1313 360 1361 442 os·

190 440 270 529 ficies
290 437 427 522 eorpora's
445 457 548 500 sornrw
574 437 638 500 eius
657 438 820 522 pontesium
843 438 938 503 libera
965 452 1024 516 est„
1057 443 1205 507 interdum
1236 446 1363 529 aspicit:

192 542 418 608 munerequaerit
437 521 530 585 teredit
549 522 658 595 ariera,
679 542 734 586 nee
753 534 851 587 tumere
893 526 1022 589 ervenit:
1042 536 1068 589 et
1084 548 1150 590 eum
1171 530 1293 613 aspicit,
1316 540 1363 591 tu·

192 631 261 675 mm
289 628 352 671 reon
376 606 469 670 libero
499 616 526 669 et
547 605 658 669 directo
689 606 801 671 tumim
824 546 918 691 vibit,
954 610 1006 674 sed
1039 610 1186 676 interiecto
1217 614 1365 676 velamine

144 696 185 762 19
193 693 274 795 pund
300 712 398 756 neem
421 701 549 755 naturae
577 689 733 771 cotrponte's
759 693 884 757 obducit.
925 695 989 775 ¹Et
1017 694 1075 760 hoe
1100 696 1133 760 in
1158 703 1267 762 natura
1293 718 1365 762 esse

193 780 277 846 adem
296 774 444 859 Virgilius
470 771 584 836 adserit
605 771 723 835 dicens:

278 862 402 947 Aspice:
428 877 556 940 namque
576 876 704 931 omnen,
730 878 807 943 quoe
826 879 908 923 aune
931 862 1056 927 obducto
1077 867 1172 931 temti

278 942 419 1011 Mortales
437 940 550 1003 hebetat
566 940 650 1004 ersus
669 942 725 1005 tibi
748 953 775 1008 et
793 943 918 1009 tumido
944 950 1058 1014 cirrum

280 1027 410 1110 Cetium,
441 1023 548 1087 reubero
572 1025 710 1110 eripiam.

142 1115 263 1183 aanor
281 1110 422 1177 velamen
443 1128 513 1206 eum
535 1108 575 1205 ‘in
596 1109 701 1193 quiete
728 1109 767 1175 ad
790 1132 897 1177 verum
921 1135 1021 1213 usque
1051 1116 1148 1183 aciem
1175 1117 1294 1183 animae
1315 1115 1364 1181 in·

145 1196 404 1289 [rsptrospieientis
423 1192 571 1271 admittit,
591 1194 629 1258 de
647 1214 744 1260 cornu
765 1196 914 1273 ereditur,
930 1219 1018 1265 eurus
1037 1201 1095 1267 ista
1115 1209 1225 1267 natura
1247 1210 1309 1281 est,
1329 1208 1367 1266 ut

193 1289 356 1351 tenuatum
378 1279 459 1346 visui
483 1279 622 1364 pervium
650 1278 705 1343 sit:
741 1300 811 1345 eum
836 1287 938 1345 autem
962 1302 980 1346 a
1003 1305 1076 1348 vero
1102 1284 1228 1351 hebetat
1255 1309 1290 1352 ao
1316 1308 1366 1350 re·

195 1369 283 1457 pellit
303 1373 462 1452 optutum,
488 1364 566 1429 ebur
585 1371 724 1449 putatur,
751 1363 838 1427 euius
859 1383 970 1448 eorpus
992 1367 1033 1430 ita
1054 1369 1216 1433 densetum
1240 1379 1302 1447 est,
1328 1377 1367 1435 ut

195 1456 234 1521 ad
258 1452 398 1539 quamvis
423 1449 649 1516 extremitatem
674 1448 831 1514 tenuitatis
858 1469 980 1517 erasum
1009 1452 1094 1515 nullo
1123 1451 1191 1516 visu
1218 1455 1256 1517 ad
1284 1455 1366 1519 ulte·

195 1541 278 1607 riora
299 1539 446 1602 tendente
468 1541 656 1620 penetretur.

280 1624 334 1688 lv.
376 1620 526 1686 Tractatis
545 1620 709 1703 generibus
730 1626 763 1685 et
781 1619 889 1698 modis,
911 1618 948 1683 ad
968 1639 1046 1705 quos
1067 1617 1220 1684 somnium
1244 1616 1363 1702 Scipio-

196 1710 246 1774 nis
265 1707 412 1781 refertur,
437 1726 521 1769 nune
540 1704 638 1787 ipsam
661 1705 799 1772 eiusdem
820 1704 931 1772 somnii
951 1712 1085 1768 mentem
1108 1703 1270 1788 ipsumque
1291 1722 1365 1787 pro-

197 1792 348 1876 positum,
369 1807 462 1872 quem
481 1786 591 1851 Graeci
614 1785 739 1851 σκοπὸν
760 1799 884 1867 vocant,
903 1797 1069 1874 antequam
1088 1787 1180 1853 verba
1202 1786 1368 1870 inspician-

197 1884 263 1950 tur,
298 1879 486 1954 temptemus
513 1868 649 1951 aperire,
686 1878 719 1933 et
740 1892 777 1935 eo
800 1875 955 1955 pertinere
982 1874 1175 1959 propositum
1198 1870 1369 1956 praesentis

197 1956 300 2042 operis
322 1954 517 2025 adseramus,
545 1952 625 2015 sicut
643 1953 705 2015 iam
727 1952 760 2015 in
781 1956 932 2040 principio
954 1956 1047 2021 huius
1066 1956 1217 2021 sermonis
1238 1955 1370 2021 astruxi·

262 2085 333 2137 Mes.
350 2079 602 2137 BFSPthGBn.
622 2080 660 2142 (0
676 2098 765 2146 usque
782 2084 817 2137 ad
836 2084 884 2135 fin.
903 2100 963 2151 cup.
981 2084 1062 2146 lun]

197 2172 299 2225 eedem
316 2171 372 2223 loeo
386 2167 438 2219 Rt.
473 2168 571 2219 eodem
586 2167 642 2218 loeo
660 2167 689 2217 0.
704 2194 733 2204 -
749 2168 869 2220 scribit
887 2169 943 2219 boe
956 2170 984 2219 in
999 2170 1109 2221 eundem
1128 2170 1211 2223 iorum
1228 2172 1281 2225 Re.
1296 2202 1323 2212 -
1339 2174 1374 2227 ab

197 2238 321 2305 Homero]
341 2237 392 2291 Οὐ.
407 2231 440 2297 τ’,
456 2238 508 2286 562
522 2251 598 2301 seqq.
633 2236 667 2286 ab
683 2235 796 2289 Homero
810 2236 856 2287 sub
873 2234 952 2301 „Nou
970 2236 1076 2288 suntin
1093 2236 1174 2291 bouis
1193 2246 1222 2291 et
1237 2240 1373 2294 fidelibus

197 2304 378 2360 membranis.
412 2304 474 2372 Ego
499 2318 566 2354 vero
590 2302 691 2354 abesse
715 2302 817 2355 debere
839 2304 934 2370 puto.“
957 2303 1055 2356 Barth.
1081 2305 1101 2356 Ι.
1124 2322 1147 2355 e.
1173 2334 1207 2346 -
1232 2310 1372 2377 descripta

196 2374 377 2429 FrieebBrrn.
538 2374 581 2421 18.
619 2372 783 2423 interdum
803 2373 888 2425 tendit
910 2370 990 2423 ῙιΤιι.
1031 2374 1157 2427 extendit
1178 2377 1262 2427 umen
1283 2376 1314 2428 c.
1340 2404 1368 2417 -

197 2445 253 2497 sed
268 2441 388 2510 pervenit
410 2444 485 2503 (sup.
504 2454 557 2491 nen
579 2438 607 2489 .i.
628 2454 676 2489 nee
697 2444 800 2498 tamen)
822 2438 852 2491 F.
874 2466 909 2477 -
931 2457 984 2490 oon
1006 2447 1095 2492 tumen
1116 2441 1196 2495 tibere
1219 2442 1274 2495 Fc.
1313 2460 1371 2499 nee

198 2520 287 2566 tameo
308 2512 389 2561 libero
413 2507 465 2556 Ra.
492 2533 527 2543 —
553 2506 656 2557 dilecto
680 2506 779 2557 lumine
803 2506 834 2557 0.
872 2508 1007 2575 perfeeto
1030 2508 1128 2559 lumine
1150 2512 1263 2578 e-gHt2
1285 2516 1319 2580 (g
1340 2512 1371 2563 in

199 2579 290 2699 biti
290 2580 442 2697 ittet
445 2574 461 2623 ‘¹
469 2588 523 2691 1⁰¹.
531 2572 743 2693 ‘’tetttt‘
762 2572 847 2626 ‘¹³⁰¹‘
864 2574 937 2693 ⁵¹33·
955 2572 1216 2695 Ntisst.¹''.‚3⁰³‘r'
1235 2594 1308 2697 ”⁶2¹⁴
1321 2614 1370 2715 eij

199 2714 268 2764 Aen.
286 2711 328 2774 11,
348 2710 406 2761 604.
424 2734 456 2745 —
474 2707 522 2758 tibi
537 2723 591 2758 om.
608 2707 638 2757 C.
657 2736 692 2747 -
710 2708 879 2777 circumligat
894 2707 925 2759 0.
942 2736 976 2748 -
999 2718 1029 2762 et
1045 2712 1138 2763 nubem
1157 2712 1193 2763 H.
1209 2742 1242 2751 -
1263 2664 1371 2780 eribiut

201 2780 234 2830 F,
384 2777 428 2825 20.
469 2775 576 2825 animae
599 2775 682 2826 aciem
703 2774 735 2825 F.
759 2803 793 2813 —
822 2777 904 2827 eciem
924 2777 992 2840 (om.
1016 2778 1122 2829 animae
1143 2780 1215 2844 quod
1237 2798 1273 2845 „e
1295 2782 1369 2834 libro
1395 2814 1410 2849 4

198 2844 292 2899 bouo“
311 2840 437 2893 additum
454 2841 517 2891 vult
533 2840 631 2892 Barth.
650 2841 669 2893 Ι.
687 2848 724 2902 e.)
743 2841 837 2910 ieabg.
856 2870 892 2881 -
908 2845 1023 2895 creditur
1040 2845 1083 2909 (in
1099 2862 1171 2912 ηις.)
1190 2848 1283 2911 „uliam
1300 2866 1370 2900 coo-

200 2911 308 2976 dieor‘)
320 2908 350 2960 h.
365 2936 401 2949 -
416 2909 534 2974 pervium
545 2908 654 2973 fiotF.
686 2912 786 2977 pervio
798 2912 832 2963 sit
846 2916 921 2976 (sup.
935 2914 993 2969 um]
1011 2908 1041 2960 0.
1060 2938 1094 2949 ··-
1113 2930 1131 2963 a
1143 2929 1204 2964 vere
1222 2930 1275 2963 orn.
1290 2914 1319 2966 G.
1339 2944 1369 2955 -

201 2980 340 3033 obtuitum
356 2974 454 3027 Brea
474 2974 529 3035 (Rl
547 2976 604 3026 dot.
624 2978 657 3037 i).
690 2979 826 3029 intuitum
843 2976 913 3028 Burs.
934 3004 969 3015 -
984 2978 1126 3029 deuectum
1144 2988 1181 3031 eet
1200 2980 1222 3029 F
1224 2981 1371 3031 RlsPth

200 3048 286 3113 Tap.
321 3044 370 3109 „iu
389 3043 497 3094 dnobus
515 3042 630 3109 seriptis
652 3043 855 3096 vetustissimis
874 3043 983 3094 libris.“
1007 3044 1107 3094 Barth.
1127 3046 1145 3095 1.
1166 3062 1190 3097 e.
1225 3046 1370 3111 „optimae

199 3114 267 3166 fidei
285 3111 493 3165 membranae.“
517 3110 602 3161 Gron.
637 3112 786 3166 dmentem
805 3117 842 3164 eet
863 3109 1170 3179 [respuens-Qua.
1210 3121 1248 3166 eet
1265 3114 1368 3166 deneu-

110 3192 114 3203 ¹
199 3191 255 3237 tum
272 3180 323 3232 Μ.
344 3207 372 3218 -
396 3194 535 3229 erassum
552 3176 607 3227 vie.

268 3246 314 3301 lv,
358 3247 443 3312 Caput
465 3246 514 3297 rV.
556 3245 721 3313 Propositum
741 3263 787 3297 seu
806 3260 899 3312 asopus
921 3242 998 3295 boine
1020 3245 1116 3297 somnii
1139 3246 1197 3313 quis
1218 3246 1262 3298 sit.
1290 3246 1367 3301 eb-b.

304 3318 329 3366 1.
367 3312 518 3365 mactatos
534 3312 643 3381 igitur
662 3314 713 3363 Rl.
731 3342 765 3352 -
786 3314 927 3382 generibus
946 3312 1129 3364 somniorum
1145 3314 1260 3366 neuen.
1282 3342 1309 3353 —
1327 3333 1370 3367 re-

195 3389 286 3455 fertur
302 3382 430 3436 somnium
449 3381 581 3449 Scipionis
596 3380 629 3429 F.
648 3407 681 3419 -
698 3382 814 3435 eiusdem
831 3382 918 3448 ipsam
935 3378 985 3429 RQ.
1004 3406 1037 3417 -
1055 3381 1192 3448 ipsumque
1206 3384 1369 3450 propositum

199 3471 256 3505 om.
275 3451 324 3515 „iu
342 3466 426 3503 mauu
444 3456 559 3501 exarato
578 3446 694 3500 codice“
713 3448 811 3500 Barth.
831 3450 850 3499 Ι.
872 3464 910 3510 e.;
935 3447 983 3498 aad
1004 3445 1105 3499 tuitio
1125 3449 1261 3502 Gronovii
1279 3452 1368 3515 eodm,

200 3520 249 3585 qui
267 3519 376 3569 oontert
394 3532 454 3583 eap.
471 3522 498 3578 5,
516 3516 530 3582 fi
550 3520 580 3566 l=
598 3522 709 3570 mentem
727 3517 949 3583 propositumque.
970 3540 999 3553 -
1021 3517 1105 3581 quod
1124 3517 1219 3568 Graeci
1236 3517 1316 3587 Sir-g.
1334 3544 1369 3559 -

201 3579 338 3642 oeoubeS
358 3589 433 3650 (sup.
450 3586 492 3635 eet
507 3599 604 3649 acopon
620 3584 686 3643 ΒΞ).
726 3582 896 3635 CROHON
910 3582 961 3632 Rl·
983 3609 1011 3619 -
1036 3586 1184 3649 proesentis
1201 3587 1317 3637 somnii
1334 3586 1368 3637 Η.

201 3678 236 3689 -
249 3651 315 3702 auor
327 3655 395 3708 [om.
410 3651 479 3712 ium)
496 3650 565 3701 Bure.
583 3677 608 3689 ·-
628 3652 658 3701 irs
668 3650 811 3719 principio]
830 3666 891 3716 cap.
910 3652 935 3713 1,
948 3647 961 3714 §
974 3652 1000 3699 8.
1035 3650 1064 3701 ia
1080 3651 1181 3717 primo
1195 3652 1263 3717 „qui
1279 3658 1369 3705 aetate

203 3721 330 3772 caeteros
349 3721 485 3784 praestet,
498 3718 551 3768 nir.
571 3714 715 3768 exbibet.“
732 3714 829 3781 Gran„
849 3716 897 3783 qui
914 3716 1038 3768 confert:
1058 3718 1086 3768 iu
1101 3719 1187 3785 primo
1206 3718 1265 3771 Sat.
1283 3720 1368 3788 praef.

238 3855 280 3907 lt.
318 3851 348 3905 in
376 3847 486 3903 moriem
515 3848 611 3915 iorum]
648 3847 763 3911 „Locus
811 3848 871 3901 sm.
888 3848 938 3901 lib.
957 3847 1018 3912 vlt,
1038 3865 1061 3899 e.
1079 3854 1104 3913 t,
1124 3849 1184 3916 §83
1204 3867 1226 3901 e.
1246 3850 1369 3917 9‚§llg

200 3922 298 3976 theme
314 3918 397 3983 irruo,
415 3932 475 3969 eam
499 3916 694 3968 truetntiouem
712 3916 762 3967 de·
812 3934 836 3968 e.
858 3920 902 3979 lt,
922 3916 935 3983 5
953 3916 1002 3977 ΞΤ)
1021 3933 1083 3968 eam
1099 3919 1293 3969 commendent
1311 3919 1370 3971 tere

200 3992 305 4060 signat,
320 4004 393 4056 quoe
409 3987 444 4039 ao
459 3983 562 4037 somnii
575 3984 664 4050 portis
675 3999 763 4049 qnae·
812 3984 940 4051 plerique
961 3984 1086 4046 codices,
1116 4001 1206 4051 neque
1223 3986 1370 4046 refrenan-

200 4059 241 4112 rit
265 4063 294 4111 et
321 4054 485 4109 eventilet.“
512 4052 623 4104 Busan.
645 4051 762 4104 Adsere.
813 4052 1033 4116 tureequaeed
1049 4051 1370 4107 buneloeuruinModii

201 4125 332 4189 xxxta,
352 4130 394 4177 12.
816 4126 845 4171 et
862 4120 891 4171 in
909 4119 1000 4170 altero
1019 4118 1153 4171 Gronovii
1171 4120 1267 4172 codiee
1284 4122 1371 4173 adno-

235 4199 279 4246 20.
316 4190 461 4257 maetam]
500 4184 649 4240 Rariorem
687 4184 763 4237 bene
815 4192 923 4240 tautura
942 4186 1013 4251 „Est
1031 4186 1173 4239 deesetnm
1191 4188 1265 4253 qnod
1280 4188 1307 4239 in
1323 4205 1372 4240 sua

200 4262 288 4313 huius
308 4261 387 4313 verbi
411 4260 530 4310 formam
552 4254 656 4321 ubique
680 4268 762 4321 prae·
815 4262 915 4307 nutura
931 4252 1018 4305 habet
1032 4253 1254 4321 spissitudinem,
1272 4257 1371 4308 densu-

202 4329 271 4392 tuli,
307 4329 373 4395 quie
392 4327 430 4380 iis
451 4326 522 4378 loeis
547 4339 617 4389 quoe
644 4321 762 4387 subtegit
813 4330 952 4376 tumuere
970 4320 1043 4386 quod
1060 4322 1095 4372 ab
1114 4320 1319 4389 uliougente.“

200 4396 357 4448 Gronovius
373 4395 416 4459 (b.
433 4393 484 4445 lib.
499 4409 523 4444 e.
540 4396 582 4457 15,
600 4389 656 4456 §53
675 4406 698 4440 e.
715 4393 759 4451 22,
848 4390 894 4452 lv,
915 4391 939 4441 1.
971 4390 1119 4455 proesentis
1134 4390 1229 4457 operis]
1248 4391 1267 4444 i·
1285 4406 1309 4443 e.
1327 4388 1370 4443 ci·

202 4461 329 4529 §tete
351 4461 431 4530 [adde
447 4460 498 4512 lib.
517 4458 560 4523 11,
583 4474 607 4509 e.
629 4462 661 4522 t,
683 4455 698 4523 ᾖ
718 4454 761 4524 6];
812 4454 924 4515 eurania
942 4453 1052 4509 Samnii
1070 4454 1221 4525 Scipionis.
