2950 4992
250 140 390 210 count.
410 138 456 209 ΙΝ
478 136 606 211 SOMN.
627 138 727 208 SGlP.
770 141 847 208 LlB.
866 144 890 207 l.
933 142 1024 210 (ΑΡ.
1044 145 1100 211 Xl.
1119 145 1189 212 ΧΠ.
1263 148 1302 215 ll

130 333 182 376 eas
222 309 352 376 radatim
374 308 512 376 societati
534 310 627 378 huius
650 309 824 382 indumenti
844 311 935 376 testei
953 313 1149 382 concilietur:
1182 323 1215 384 et
1232 317 1303 385 ideo

132 332 263 495 totidem
290 395 446 494 mortibus·
467 403 544 481 quot
570 395 716 484 sphaeras
746 395 856 462 transit
882 395 921 462 ad
947 397 1027 464 hanc
1051 402 1192 486 pervenit
1222 425 1303 490 quae

133 490 276 546 interris
298 489 360 546 urta
380 489 541 547 vocitatur.

216 567 284 632 XII.
326 567 502 630 Descensus
524 585 598 631 vero
626 563 736 649 ipsius,
772 585 835 650 quo
858 564 961 630 anima
983 564 1022 631 de
1043 569 1127 635 caelo
1155 571 1186 636 in
1208 572 1328 640 huiusl

133 651 212 716 vitae
234 650 351 716 inferna
371 650 541 727 delabitur,
578 648 717 714 sicardo
738 650 897 735 digeritur.
940 650 1104 717 Zodiacum
1124 654 1166 720 ita
1185 655 1353 738 lacteustos}

128 735 258 801 circulus
284 736 429 821 obliquae
455 733 713 800 circumflexionis
742 756 873 800 occursu
896 735 1061 801 ambiendo
1089 740 1301 825 conplectitur,

129 828 165 886 ut
184 842 271 899 eum,
292 842 353 908 qua
373 820 435 885 duo
454 820 572 904 tropica
593 819 695 905 signa,
717 820 924 906 Capricornus
945 828 977 886 et
996 820 1129 899 Cancer,
1150 823 1302 904 leruntur,

128 905 301 972 intersecet
343 906 407 970 Has
427 904 500 969 solis
523 913 626 1003 portas
647 905 763 990 physici
787 914 990 984 rocaverunt,
1018 907 1091 994 quia
1114 908 1147 974 in
1169 916 1301 996 utraque

126 991 271 1057 obviante
292 989 424 1055 solstitio
441 989 572 1056 ulterius
589 989 664 1056 solis
683 990 841 1056 inhibetur
861 991 1005 1070 accessio,
1027 1000 1059 1057 et
1078 993 1113 1058 lit
1132 994 1161 1060 ci
1182 1015 1300 1079 regres-

126 1096 179 1141 sus
199 1076 237 1140 ad
258 1095 355 1140 zonae
378 1076 457 1140 viam
479 1076 568 1140 cuius
594 1075 744 1139 terminos
772 1096 942 1160 numquam
955 1076 1120 1164 relinquit.
1161 1080 1223 1144 Per
1244 1080 1328 1150 nass

125 1168 231 1246 portas
261 1158 380 1224 animae
406 1159 446 1224 de
470 1159 555 1225 caelo
582 1159 614 1225 in
636 1166 733 1224 terras
755 1180 858 1224 meare
885 1166 917 1224 ct
944 1159 983 1224 do
1008 1164 1098 1228 terris
1125 1163 1158 1229 in
1179 1166 1299 1232 caelum

124 1265 265 1309 remeare
284 1243 460 1311 creduntur.
502 1245 576 1310 ldeo
593 1244 756 1310 hominum
777 1265 855 1320 una,
887 1243 984 1310 altera
1008 1245 1137 1320 deorum
1157 1259 1299 1318 vocatur:

125 1327 288 1394 hominum
309 1329 443 1408 Cancer,
470 1329 543 1416 quia
564 1351 621 1418 per
641 1329 725 1395 hunc
745 1329 777 1394 in
795 1328 941 1395 iuferiora
962 1330 1127 1396 descensus
1147 1341 1209 1399 est:
1241 1335 1300 1401 Ca-

125 1414 286 1500 pricornus
307 1414 445 1493 deorum,
465 1415 538 1565 quia
558 1415 717 1502 perillum
741 1414 862 1480 animae
879 1413 912 1478 in
932 1415 1074 1500 propriae
1093 1415 1296 1483 inmortalita-

124 1499 165 1565 tis
197 1499 300 1564 sedem
337 1507 369 1566 et
403 1500 435 1564 in
489 1522 598 1566 eorum
631 1521 796 1566 numerum
830 1507 1037 1567 revertuntur.
1092 1501 1135 1566 Et
1168 1502 1227 1568 hoc
1252 1507 1328 1572 ostii

122 1584 205 1669 quod
239 1585 367 1650 Homeri
400 1585 503 1651 divina
538 1586 702 1672 prudentia
736 1586 770 1650 in
804 1583 885 1650 antri
918 1585 1060 1650 Ithacesii
1092 1585 1298 1674 descriptione

122 1669 282 1766 significat.
333 1671 414 1736 Hinc
442 1682 474 1736 et
501 1671 690 1756 Pythagoras
716 1676 851 1768 putata
879 1669 978 1734 lacteo
1009 1669 1124 1736 circulo
1152 1670 1297 1738 deorsum

122 1753 257 1839 incipere
279 1754 360 1820 Ditis
383 1755 557 1842 imperium,
580 1756 652 1842 quia
674 1776 795 1820 animae
817 1754 889 1819 rude
909 1755 1012 1842 lapsae
1034 1754 1179 1822 videntur
1199 1757 1297 1823 iama

121 1838 243 1926 superis
263 1840 434 1906 recessisse.
476 1841 551 1907 Ideo
574 1842 705 1927 primam
725 1839 922 1910 nascentibus
946 1840 1051 1907 offerri
1069 1840 1113 1906 ait
1134 1841 1221 1908 lactis
1242 1842 1295 1908 ali·

921 1991 1006 2056 [Erld.
1024 1991 1228 2064 vicuhgepdeb.

189 2073 255 2126 llll.
297 2077 385 2144 Caput
407 2077 471 2129 ΧΗ.
510 2078 646 2143 Quaado
665 2077 759 2131 anima
780 2094 812 2130 es
831 2079 965 2146 superiore
987 2079 1081 2131 mandi
1122 2089 1179 2133 arte
1195 2080 1232 2132 ad
1252 2080 1296 2132 in-

116 2144 199 2208 ferna
214 2143 279 2195 bace
296 2145 445 2198 delabatur.
467 2145 546 2197 eh-b.
700 2150 724 2198 1.
757 2147 830 2198 citae
843 2146 924 2198 leuius
940 2147 991 2198 Rs.
1009 2173 1045 2185 -
1067 2097 1203 2202 dilabitur
1223 2146 1294 2200 llus.

120 2211 310 2281 -ds‘rigitrsr
326 2213 380 2264 [Β.
397 2239 432 2254 -
449 2214 552 2267 lacteis
568 2213 684 2266 circulis
703 2231 728 2266 ι.
741 2241 776 2254 -
791 2214 1031 2280 circumflectionis
1049 2213 1078 2266 b.
1096 2243 1131 2254 -
1147 2215 1295 2281 amplecti-

119 2285 164 2330 tur
182 2295 241 2346 v·g.
260 2307 295 2318 ·-
317 2281 543 2350 pssidebdua)
561 2281 614 2333 111.
689 2281 770 2333 anda
788 2282 841 2332 112
876 2281 1122 2348 quaedum.-
1144 2281 1296 2334 saiisnlte-

119 2347 176 2397 rius
195 2347 247 2399 m.
416 2352 443 2399 2.
478 2350 628 2401 interrasa
670 2349 941 2408 .—deterra(su
963 2346 1073 2407 .is)F.
1096 2375 1121 2387 -
1143 2355 1230 2401 et...
1251 2364 1295 2399 re-

118 2429 207 2465 meare
223 2430 279 2466 om.
299 2413 334 2465 (i.
357 2443 393 2453 -
418 2417 453 2468 di
459 2425 555 2469 centur
572 2415 616 2477 (in
635 2431 691 2482 mg.
709 2416 754 2467 nel
772 2415 926 2474 medentur)
944 2365 975 2463 ξ’.
996 2441 1024 2452 -
1046 2415 1154 2486 dearum
1171 2431 1226 2464 una
1245 2414 1294 2466 lco-

118 2482 219 2533 ninum
236 2483 324 2534 altera
341 2482 393 2532 Rs.
544 2485 571 2532 3.
605 2483 676 2549 quod
691 2482 756 2532 edd.
774 2497 791 2533 ιι
808 2497 865 2532 sec.
880 2497 917 2532 m.
936 2480 987 2532 Ru.
1004 2507 1038 2518 -
1053 2481 1198 2546 prudentia
1214 2480 1238 2532 B
1257 2481 1294 2542 (F

117 2563 136 2599 ι
153 2565 211 2600 sec.
228 2555 279 2608 ιιι.)
302 2546 614 2616 ὃὶὶιῖι-ςίὶΗῖΒιιὼ.
652 2549 842 2615 procidentia
863 2545 900 2607 (li
918 2562 935 2597 s
954 2563 980 2613 p.
999 2547 1235 2606 molinarum.
1264 2575 1292 2587 -

118 2617 245 2668 lttaceeii
261 2617 405 2667 anuum.
444 2614 578 2667 tiamsi
595 2616 629 2666 (l.
664 2615 805 2667 itaeessii
822 2619 899 2679 (sup.
917 2615 1055 2674 itacensis)
1074 2612 1106 2664 F.
1145 2615 1295 2668 ithacensii

117 2683 190 2734 Bss.
212 2683 270 2743 (Ru
291 2683 347 2734 del.
370 2687 412 2740 ιι).
463 2682 635 2733 ithacenesii
656 2680 690 2731 B.
734 2681 875 2733 itacensis
900 2695 963 2749 reg.
1006 2680 1158 2734 ithacensis
1178 2681 1293 2752 Sltlisb

117 2749 154 2811 (le
175 2749 205 2800 iu
222 2765 281 2816 mg.
301 2749 422 2801 itlsacesii
437 2753 509 2809 sut.)
528 2747 693 2800 blimallu.
713 2775 748 2788 -
775 2747 842 2800 Hinc
861 2753 928 2808 (orn.
949 2754 988 2810 et)
1010 2747 1061 2799 ill.
1102 2749 1172 2802 Hine
1191 2751 1293 2803 etiam

117 2816 190 2869 Bru.
213 2841 245 2854 ·-
267 2817 321 2868 ianr
339 2817 444 2884 superis
468 2822 538 2876 (cm.
557 2821 590 2876 ιι)
611 2817 635 2867 Β
658 2816 831 2880 „membrum
851 2818 963 2869 atterm‘
983 2815 1069 2868 (iren.
1103 2816 1164 2868 Vid.
1183 2823 1241 2870 not.
1275 2835 1294 2870 a

116 2883 220 2952 superis
233 2884 289 2936 iare
302 2884 355 2936 Βῆ.
372 2909 401 2922 -
420 2885 585 2938 discessisse
600 2884 635 2936 Is.
650 2911 685 2924 -
701 2885 762 2938 ideo
775 2884 869 2952 priam
886 2883 920 2937 ll.
937 2911 973 2924 -
988 2885 1029 2938 ait
1042 2885 1121 2938 laetis
1137 2885 1294 2940 alimaniam

149 3033 224 3087 idem
243 3035 315 3102 quad
331 3041 401 3105 past,
419 3039 450 3087 ut
467 3035 580 3103 saepius
597 3039 683 3103 „post
730 3034 792 3089 rita
807 3035 952 3089 hominum
966 3038 994 3088 et
1008 3034 1131 3090 conditio
1146 3037 1217 3089 satis
1232 3037 1292 3089 ele·

115 3102 253 3156 adverbis
269 3119 341 3170 quae
366 3102 522 3169 proximam
545 3110 600 3155 tem
621 3102 680 3156 cris
752 3109 833 3156 enter
854 3105 1027 3172 explicatur,
1057 3105 1103 3158 vel
1125 3121 1159 3156 ex
1177 3103 1291 3156 Ernesti

117 3171 207 3223 vice·
235 3170 428 3238 significant&
462 3177 494 3224 ut
519 3171 561 3224 sit
614 3172 678 3224 sad.
728 3121 897 3224 {solucione
924 3172 959 3223 da
984 3178 1067 3223 antro
1090 3171 1220 3226 Platonis
1246 3165 1291 3226 ee't

117 3238 186 3290 Tur.
205 3239 269 3291 eell.
293 3238 320 3302 l,
342 3255 370 3304 p.
392 3241 437 3289 41.
727 3239 937 3292 ιιιιίιιίιιιιιιιι.“
964 3238 1051 3291 Ζιιιιιι.

149 3307 298 3359 indumenti
319 3306 405 3373 testes]
431 3304 451 3356 i.
470 3323 495 3357 e.
535 3305 589 3357 nod
613 3322 676 3358 cum
761 3307 885 3359 videnter
905 3307 961 3357 iarn
984 3323 1002 3356 a
1020 3306 1123 3373 superis
1143 3305 1288 3372 recessisse]

116 3377 190 3425 teste
208 3373 366 3441 comparari
385 3373 485 3439 possit.
561 3372 600 3424 ni.
617 3372 676 3424 Sat·
726 3373 827 3436 „llaec
853 3373 966 3440 quidem
995 3371 1089 3425 omnin
1112 3372 1148 3423 sd
1175 3371 1289 3424 intelle-

115 3441 176 3502 vlt,
193 3445 234 3502 15,
254 3444 294 3493 lis.
309 3457 368 3493 cuns
385 3441 502 3494 testeis
518 3441 679 3507 terrenisque
728 3447 803 3520 ctum
823 3455 935 3522 prpnm
956 3437 1024 3490 Vide
1042 3444 1150 3520 inmens,
1180 3452 1215 3519 an
1233 3455 1288 3491 nan

117 3509 277 3638 “ll'llll'll'
302 3574 366 3626 sotis
378 3572 482 3641 portas]
506 3573 592 3646 Gran.
611 3589 678 3625 ccu-
727 3505 1221 3639 :pppiqqprrtbqqqeqqnaqespiqsmmpenqq
1239 3506 1288 3625 ll-

114 3641 246 3695 fertSst.
264 3643 292 3706 1,
313 3647 361 3707 Π,
379 3645 422 3691 63.
726 3640 782 3693 leri
814 3645 842 3693 et
878 3657 968 3703 morse
1008 3639 1156 3693 animabus
1191 3646 1286 3694 autem

149 3711 272 3763 obviante
297 3707 419 3776 solstitia]
444 3723 484 3758 se.
510 3705 677 3759 seeeseicnl.
727 3715 845 3761 martem
868 3707 996 3772 evenire,
1030 3725 1093 3760 cum
1115 3708 1151 3761 ad
1169 3726 1286 3778 corpora

115 3775 158 3829 (il.
178 3775 236 3830 Sat.
255 3777 320 3839 vll,
339 3781 370 3842 5,
389 3780 414 3828 5.
433 3774 528 3844 quibes
545 3775 677 3827 abeian-
727 3777 876 3842 labuntur,
908 3792 992 3842 supra
1011 3775 1044 3843 [c.
1064 3780 1112 3840 ll,
1134 3775 1204 3844 μ]
1224 3777 1286 3828 Ma-

116 3846 190 3898 dern
211 3862 264 3898 non
285 3852 352 3898 erat.
727 3845 839 3897 arabiae
854 3843 986 3898 ostendit.
1019 3845 1117 3911 ltaque
1132 3860 1194 3895 cum
1212 3845 1287 3896 ultra

148 3913 261 3965 alterius
339 3907 482 3976 inhibetur]
504 3908 534 3960 1ι.
554 3925 578 3960 e.
600 3907 677 3960 inhl·
726 3913 849 3964 lactenm
862 3913 999 3964 circulum
1018 3910 1211 3965 descendendo
1225 3909 1288 3961 ani-

113 3979 211 4044 betur,
247 3996 282 4032 ne
312 3976 434 4030 ulterius
469 3975 677 4045 progrediatur.
726 3997 790 4032 mne
808 3979 995 4048 pervenerlnt,
1010 3977 1116 4046 superi,
1134 3977 1161 4029 id
1178 3975 1286 4043 estqui

113 4046 174 4099 Vid.
192 4052 250 4099 not·
268 4045 314 4099 ud.
332 4045 354 4109 l,
370 4049 397 4110 ti,
413 4046 454 4094 49.
726 4063 812 4116 supra
830 4049 954 4101 lacernam
975 4052 1077 4115 agunt,
1113 4049 1214 4110 putent
1237 4060 1286 4096 aas

147 4118 173 4165 s.
209 4116 239 4167 in
256 4115 329 4166 antri
347 4111 471 4165 ltlracesii
493 4109 676 4178 descriptione]
725 4118 783 4167 tarn
808 4113 836 4167 in
867 4114 940 4167 Ditis
966 4112 1129 4180 imperium,
1161 4111 1217 4164 hae
1242 4115 1287 4163 est

115 4179 227 4246 „hocne
244 4185 334 4233 exemi
357 4172 676 4246 Odyss.r'‚103ssqq.
726 4199 842 4250 eorpus,
871 4182 943 4249 qnod
965 4180 1037 4233 mori
1060 4182 1173 4244 vocant,
1201 4178 1287 4228 dere-

114 4249 209 4315 l’arpb
232 4249 291 4301 rius
308 4263 418 4314 quoque
435 4245 469 4296 de
481 4245 675 4312 Nympharum
725 4250 813 4301 nicee.
842 4248 898 4300 llic
910 4264 1009 4299 sensus
1020 4245 1174 4300 auctoris.“
1192 4245 1283 4297 Guon.

113 4323 195 4368 antra
211 4267 288 4368 hune
307 4317 401 4367 locum
416 4312 545 4378 Homeri,
566 4312 608 4364 uti
625 4329 675 4364 no-
766 4317 826 4368 ldeo
852 4317 967 4383 primane
993 4315 1160 4366 nascentibus
1194 4313 1284 4380 afferri

115 4388 189 4447 ster,
217 4383 375 4450 allegorice
398 4386 442 4432 est
466 4379 675 4446 interpretetus.
725 4382 766 4434 ait
783 4383 861 4433 laetis
876 4380 1043 4446 alimoniam]
1070 4381 1164 4446 „Hinc
1182 4388 1211 4432 et
1227 4379 1285 4431 cir·

114 4447 205 4514 Atque
236 4457 347 4503 antrum
380 4447 454 4500 illud
485 4446 613 4500 Platonis
645 4444 676 4498 ie
726 4450 791 4501 culo
811 4447 880 4500 hnic
903 4463 1003 4499 namen
1024 4453 1120 4501 natum
1137 4445 1230 4501 innuit
1247 4447 1285 4500 li-

115 4515 238 4584 septima
260 4518 295 4570 de
311 4517 383 4584 Rapa
406 4515 457 4577 (sb
476 4512 589 4580 initia),
620 4529 675 4582 quo
725 4517 777 4571 bra
794 4515 829 4572 de
845 4515 1039 4586 Nympharum
1057 4521 1138 4572 antra
1154 4515 1285 4586 Porphy-
