2950 4992
161 159 221 204 nnn
602 133 939 206 PROLEGOlliilll.

161 310 345 374 opernendom
367 311 497 374 tauquam
516 309 710 362 documentum
738 309 861 362 rationi·
880 321 937 374 pua
962 308 1014 361 iila
1035 306 1131 359 aetate
1156 304 1283 359 mulne·
1307 307 1394 362 docnt

162 396 293 448 solebant
311 393 511 466 philosophari.

229 479 255 528 2.
289 480 414 541 Namque
432 477 596 531 Macrobius
615 479 832 530 commentarios
849 493 920 532 anor
935 477 980 529 uic
1001 477 1139 543 iaotltuit,
1173 481 1206 528 ut
1221 474 1392 539 pree-romb

163 563 312 616 ciceronis
335 564 432 614 tertis
455 565 596 626 promeret
618 563 783 627 quidquido
799 564 912 626 planitie
929 563 1138 614 Platonicorum
1156 565 1242 625 utque
1265 569 1282 612 e
1303 576 1395 625 prae·

164 648 254 712 ceptis
271 648 443 712 geometriae
463 648 654 726 geogranbiue
672 649 863 699 astronomiae
881 649 916 698 ad
934 661 971 699 ea
988 646 1090 698 reterri
1108 659 1196 709 posse
1216 647 1372 698 rideretur.

232 736 323 796 Atque
341 731 455 795 primum
474 734 535 798 (libr
555 734 583 799 l,
606 746 631 784 c.
650 732 689 797 1.)
712 734 748 782 de
764 732 876 783 ratione
892 732 1017 796 disputat
1039 744 1111 795 onae
1133 731 1291 781 intercedat
1312 731 1394 782 inter

164 816 252 868 libros
273 830 342 880 quos
360 818 441 869 Plato
457 823 487 869 et
508 818 611 869 Otcero
630 816 842 878 composuerint
857 817 892 867 de
909 829 942 867 re
959 816 1081 882 publica,
1101 828 1154 866 our
1171 815 1200 865 io
1217 811 1273 865 iimo
1290 815 1392 879 operis

164 901 210 952 bio
227 902 386 965 scipionem
406 899 497 966 fingat
517 897 555 952 in'
566 899 676 951 somnio
696 901 730 950 ad
748 906 854 962 putrem
873 913 1010 963 avumpne
1023 902 1052 951 ta
1070 902 1181 950 caelum
1197 901 1315 967 clatum,
1339 901 1392 950 tlte

165 991 301 1037 mortuum
320 988 349 1036 iu
368 985 451 1036 nilum
471 989 660 1036 revertentem
678 985 781 1052 iaciat,
798 991 829 1036 nt
845 986 1022 1047 proteratea
1040 996 1111 1048 quae
1129 985 1232 1036 viderit
1250 989 1391 1035 mortuus.

165 1063 297 1120 Deieu‘dit
315 1069 413 1119 delude
431 1076 471 1134 (c.
490 1070 542 1135 1.),
558 1075 588 1122 ut
604 1069 807 1131 Epicureorum
825 1071 914 1121 diluat
931 1069 1140 1133 contitutionem,
1158 1068 1330 1132 pltloooptlo
1346 1068 1392 1120 uti
1463 1070 1464 1077 ’

166 1154 255 1204 linere
270 1153 386 1218 tabulis,
414 1157 443 1205 et
460 1152 502 1219 (o.
519 1155 560 1219 1.)
579 1154 698 1217 quinque
716 1155 786 1206 dicit
802 1169 870 1206 esse
886 1154 1195 1220 gerotocomium,
1222 1158 1307 1216 mune
1325 1153 1394 1204 tici·

166 1237 260 1301 pionis
275 1239 410 1290 somnium
429 1240 464 1290 ad
483 1239 571 1302 prinu
589 1239 644 1291 tria
661 1253 768 1304 genera
784 1253 873 1303 posse
891 1240 1009 1306 reterri,
1044 1251 1117 1302 qnae
1135 1240 1200 1290 sola
1221 1239 1336 1288 enicem
1354 1240 1392 1290 ati

167 1322 376 1396 divinationem,
392 1325 421 1374 in
437 1324 596 1387 scipionem
611 1328 704 1376 autem
721 1325 874 1378 conventre
893 1327 951 1375 tale
968 1324 1114 1389 somatum,
1129 1323 1286 1386 inserttqne
1301 1323 1393 1373 tater-

167 1409 351 1472 pretationem
370 1410 511 1462 Homerici
526 1406 650 1474 tigmentt
668 1412 702 1461 de
719 1414 827 1463 duabus
843 1410 950 1461 somnii
966 1411 1066 1474 portis.
1099 1411 1169 1460 'Pom
1188 1409 1229 1473 (c.
1245 1407 1286 1473 t.)
1304 1408 1393 1458 (iice-

167 1495 248 1546 roais
267 1495 440 1559 propositum
458 1487 547 1547 tentat
565 1496 691 1559 aperire,
709 1498 783 1561 qnod
801 1495 871 1547 dicit
889 1509 971 1563 esne,
993 1501 1025 1546 nt
1042 1497 1178 1557 appareat
1193 1493 1301 1544 animas
1319 1494 1392 1544 teme

169 1581 203 1630 de
221 1581 365 1641 republica
383 1580 543 1632 meritorum
562 1585 628 1644 post
645 1587 761 1633 mortem
778 1583 860 1633 caelo
879 1582 958 1632 reddi
970 1586 1005 1631 -et
1021 1581 1080 1630 illie
1096 1582 1233 1644 perpetua
1249 1577 1305 1630 trui
1323 1580 1394 1628 bea·

170 1663 297 1728 titudine,
317 1665 447 1728 additque
466 1666 626 1729 scipionem
645 1667 699 1718 sibi
717 1666 890 1734 coronidem
908 1679 959 1730 per
975 1667 1093 1729 quietem
1111 1665 1140 1715 la
1157 1665 1252 1729 lacteo
1271 1663 1394 1714 cuculo.

236 1748 292 1798 iam
312 1749 414 1800 transit
431 1750 465 1798 ad
484 1749 574 1812 ipsius
594 1752 699 1802 lemnii
719 1754 821 1816 verba,
848 1756 878 1802 et
894 1751 1008 1813 primum
1027 1751 1136 1813 quidem
1153 1749 1189 1820 ad
1205 1761 1267 1798 eam
1284 1755 1394 1810 partem

168 1844 241 1894 puae
259 1834 304 1880 est
323 1833 357 1880 ‹ie
376 1832 514 1897 animeris,
538 1837 568 1882 et
586 1836 672 1898 parba
691 1835 801 1896 (somn.
819 1836 860 1897 il,
882 1836 938 1898 t.)r
963 1834 1033 1886 Nam
1050 1849 1109 1886 eum
1127 1839 1203 1883 auat
1220 1839 1269 1884 tuo
1287 1839 1396 1899 repte-

168 1929 225 1963 aos
243 1913 344 1964 octies
362 1915 426 1966 ratio
442 1918 589 1980 amfractus
605 1916 758 1982 reditusque
775 1918 930 1967 conuenerit
948 1922 1017 1979 cet,
1053 1918 1094 1968 iia
1114 1917 1329 1980 interpretaur,
1361 1921 1395 1968 nt

169 1997 377 2048 Platonicorum
395 2000 522 2061 proterat
541 2005 696 2050 commenta
713 2002 754 2063 (c.
768 2000 809 2065 b.)
825 2000 860 2050 tle
877 1989 1026 2050 octonario
1043 2005 1074 2048 et
1090 2000 1130 2061 (c.
1146 2001 1186 2062 1)
1207 2000 1242 2047 de
1258 2004 1395 2056 septene—
1464 2066 1465 2069 Ἰ

169 2080 213 2130 rio
237 2094 367 2148 numero,
401 2095 491 2145 neque
515 2085 614 2134 debis
637 2085 723 2145 soils,
756 2085 807 2134 sed
831 2084 914 2134 etiam
937 2084 972 2132 de
994 2082 1031 2132 its
1048 2081 1169 2152 numeris
1187 2093 1224 2130 ex
1246 2079 1345 2142 onibus
1365 2078 1394 2130 bi

170 2172 384 2238 componuntur,
400 2166 510 2218 ratione
527 2168 653 2230 inprimis
673 2167 891 2218 babitu-'Pimaet
909 2165 1046 2218 Platonis.
1080 2166 1201 2225 Propter
1215 2164 1302 2213 rerba
1319 2175 1394 2225 qnae

170 2249 270 2299 ibidem
288 2251 436 2317 leguntur,
455 2251 479 2302 oi
493 2252 638 2320 effugerit,
657 2252 755 2318 (1.1)
775 2253 950 2303 demonstrat
969 2261 1051 2314 „eam
1071 2249 1173 2302 babere
1191 2248 1282 2312 legem
1300 2248 1396 2300 omnia

170 2334 218 2384 nel
236 2335 319 2398 signu
336 2336 524 2403 relsomnia,
556 2341 588 2388 nt
603 2339 638 2388 de
657 2337 788 2388 adversio
806 2336 917 2399 obitque
938 2338 988 2386 aut
1005 2333 1168 2386 denuntient
1190 2338 1239 2383 ant
1254 2331 1395 2405 minentur

170 2423 219 2470 aiut
243 2420 402 2472 moneant,“
446 2424 541 2474 Verbo
558 2422 672 2487 ¹(somn.
693 2424 750 2490 ill,
772 2421 828 2485 1.)ι
859 2420 984 2471 Omnibuo
1007 2420 1053 2487 put
1072 2418 1191 2486 patriam
1213 2417 1395 2470 courmoariat

170 2504 321 2556 adinveniri
337 2501 458 2558 aurerirn'i
475 2514 572 2559 eertum
589 2523 643 2558 esse
661 2507 689 2558 iro
708 2507 782 2558 coeto
798 2505 935 2570 definitum
953 2503 1038 2555 iocum
1060 2503 1105 2554 ubi
1122 2500 1192 2553 beati
1209 2502 1394 2569 aevo-rempt-

169 2593 244 2640 terao
255 2592 395 2656 fruantur,
415 2595 572 2656 provocant
590 2591 630 2656 (e.
649 2591 690 2658 8.)
709 2591 925 2654 disputationem
944 2590 998 2655 „de
1015 2587 1150 2638 beatitate
1168 2599 1239 2648 quoae
1258 2587 1394 2638 debeatur

171 2677 422 2726 conservatoribus
437 2673 564 2739 patriae“
582 2680 611 2727 ct
629 2677 663 2727 do
681 2681 815 2740 quattuor
833 2676 964 2726 virtutum
982 2673 1143 2737 generibus,
1162 2684 1216 2734 qna
1232 2671 1261 2722 in
1276 2685 1307 2722 re
1325 2673 1394 2722 Pio-

172 2756 231 2808 tino
250 2759 338 2810 utitur
352 2763 480 2810 auctore.
515 2761 635 2822 Propter
651 2763 738 2812 verita
752 2761 831 2825 (ib.):
849 2759 910 2810 biae
926 2759 1041 2827 proiecti
1054 2757 1297 2821 liuoreoertuator,
1309 2759 1393 2807 docet
1465 2742 1466 2759 ³

173 2840 213 2905 (o.
232 2842 271 2905 a.)
290 2843 463 2906 „animarum
482 2843 618 2906 originem
631 2853 747 2896 manare
764 2846 797 2896 de
813 2841 926 2910 caelo“,
944 2848 973 2892 et
988 2848 1103 2905 propter
1119 2842 1205 2891 verba
1223 2842 1330 2906 (somn.
1343 2842 1393 2904 lii,

173 2925 229 2992 2.):
247 2927 367 2994 quaesiui
384 2934 481 2990 tamea,
500 2927 630 2980 viveretne
647 2928 702 2998 ipse
782 2945 846 2994 puae
860 2943 907 2978 acu
926 2924 1064 2977 exstinctor
1081 2941 1136 2976 eme
1153 2925 1350 2991 arbitraremur,
1363 2930 1394 2976 et

173 3017 261 3061 neutro
281 3027 341 3061 vero
358 3029 426 3078 puae
444 3012 542 3064 dicitnr
557 3012 614 3063 uita
630 3019 765 3074 moreest,
784 3015 825 3077 (c.
842 3011 900 3075 11.)
917 3010 1089 3076 ‚animarum
1108 3010 1215 3059 interos
1233 3011 1299 3061 nibil
1317 3013 1391 3062 alind

173 3106 239 3146 esse
256 3109 336 3158 quum
354 3097 417 3160 ipsa
435 3095 588 3164 corporn“‚
613 3110 693 3162 quiam
716 3107 775 3148 rem
793 3095 834 3162 (c.
853 3093 911 3160 11.)
930 3095 1047 3157 amplius
1065 3094 1245 3159 persequitur
1261 3108 1277 3146 e
1296 3097 1394 3148 Plato·
1465 3122 1466 3135 1

172 3178 299 3241 nieorum
318 3181 460 3240 sententia
477 3181 524 3245 qui
542 3186 670 3234 statuant
685 3183 776 3246 „duas
796 3193 862 3234 esee
880 3183 1001 3247 mames,
1019 3193 1100 3236 noam
1118 3179 1241 3243 animae,
1264 3181 1393 3233 animalia

174 3262 313 3314 alternm“
330 3269 358 3316 et
376 3266 488 3330 „lunam
507 3280 573 3318 cuae
592 3266 666 3318 vitae
686 3266 838 3330 mortisque
856 3261 1035 3331 confininm‘t,
1057 3270 1087 3330 et
1104 3263 1215 3329 (0:12.)
1232 3267 1266 3324 de
1283 3267 1392 3319 ratione

173 3347 290 3420 disserit
308 3363 384 3422 „qua
400 3352 508 3402 animae
526 3352 560 3403 de
578 3353 659 3406 caelo
677 3351 706 3404 tu
724 3351 805 3403 buius
824 3351 900 3401 vitae
917 3346 1239 3426 internaldelabaatuff‘,
1262 3364 1333 3414 puae
1350 3356 1394 3404 tn-

172 3446 235 3484 men
253 3449 326 3502 „sua
344 3446 433 3488 morte
452 3450 508 3488 uon
526 3437 758 3500 exstinguantur,
777 3437 826 3486 sed
846 3437 880 3485 ad
900 3440 1008 3498 tempus
1027 3436 1196 3500 obruantur,
1215 3439 1244 3484 et
1259 3449 1392 3488 rursuoe

173 3531 295 3583 corpore
314 3523 348 3590 ad
368 3522 501 3585 perennis
520 3521 596 3572 vitae
614 3523 704 3574 lucem
723 3521 875 3574 restitutae
892 3520 921 3572 in
938 3520 1076 3583 integrum
1093 3505 1303 3569 revertantur.“
1337 3523 1393 3574 De-

171 3603 236 3653 inde
249 3603 396 3657 Ciceroois
415 3607 501 3658 rerba
519 3606 627 3670 (soma.
646 3605 697 3672 lli,
709 3606 765 3671 b.):
789 3605 877 3669 Quare
895 3638 938 3657 ...
955 3604 1109 3680 retinendae
1126 3602 1231 3658 animur
1249 3609 1291 3654 est
1303 3604 1331 3655 iu
1347 3622 1392 3655 cu-

172 3687 260 3738 rtodta
279 3692 408 3758 eorporis,
426 3706 472 3740 aec
488 3689 591 3740 iniussu
610 3689 681 3754 eiua,
703 3706 720 3740 a
738 3705 788 3757 quo
806 3689 852 3740 iiie
869 3695 907 3742 ert
923 3689 996 3740 cotio
1019 3688 1113 3752 datus,
1137 3703 1169 3751 er
1188 3685 1322 3738 hominum
1338 3689 1393 3741 uita

172 3772 346 3841 migrandum
363 3763 415 3838 est,
449 3787 510 3828 curn
529 3773 669 3828 sententia
686 3773 832 3840 Platonis,
867 3774 914 3838 quil
938 3775 1040 3825 doceat
1064 3771 1173 3840 „ipsam
1195 3772 1393 3836 pbilosopbiam

172 3857 378 3908 meditationem
398 3871 463 3910 esse
483 3851 652 3926 mortent1“,
686 3858 729 3910 aie
755 3857 795 3924 (e.
819 3857 875 3924 ia.)
899 3859 1048 3925 conciliat,
1081 3862 1112 3908 ut
1131 3858 1207 3906 dicat
1230 3858 1393 3924 „Platonem

172 3943 242 3993 duas
261 3956 349 3997 nosse
369 3947 475 3996 mortes
498 3943 631 4008 bominis,
653 3957 768 4010 quarum
787 3955 868 3995 unam
893 3948 1010 4007 cotnra,
1036 3942 1157 3994 virtutes
1179 3943 1296 3993 aiteram
1313 3957 1394 4006 prae-

172 4031 258 4094 stent,
277 4041 338 4079 cum
354 4029 446 4080 anima
461 4042 565 4091 corpus
584 4028 724 4091 relinquat
740 4028 862 4077 solutum
879 4027 943 4092 lege
963 4031 1092 4093 naturae,
1109 4030 1139 4078 et
1157 4039 1217 4076 cnm
1237 4027 1330 4078 anima
1345 4028 1394 4079 ool-

171 4112 226 4161 bnc
242 4112 271 4162 in
288 4126 409 4177 corpore
433 4114 588 4164 constituta
611 4112 740 4175 eorporis
762 4112 913 4162 illecebras
937 4112 1114 4175 pbilosophis
1133 4113 1253 4162 docente
1271 4102 1394 4164 contem-

172 4199 221 4246 uat
240 4200 269 4248 ct
288 4210 384 4254 omues
407 4202 493 4250 extuat
512 4198 677 4262 passiones:
711 4198 782 4248 banc
808 4196 982 4258 sapientibus
1005 4210 1070 4248 csse
1091 4198 1290 4262 expetendam,
1320 4198 1393 4249 iilam

173 4291 243 4331 vero
263 4282 509 4346 exspectandam.“
558 4283 627 4334 'itum
648 4280 773 4332 reditun
792 4279 939 4340 Ciceronis
959 4282 1068 4354 (somn.
1086 4281 1142 4348 lii,
1159 4280 1199 4346 i.)
1220 4284 1320 4333 verbor
1350 4283 1394 4349 put

171 4370 308 4415 lucrentur
322 4365 397 4417 ilium
414 4367 537 4435 globum,
557 4381 633 4435 quem
650 4365 678 4416 ia
692 4364 740 4416 itae
757 4363 853 4432 tempto
870 4366 986 4418 medium
1002 4367 1092 4430 mdes,
1110 4382 1180 4434 puae
1196 4373 1267 4417 terra
1285 4363 1393 4426 iiicitnrr

171 4447 264 4514 itiaque
281 4449 385 4500 animus
403 4451 482 4503 duint
500 4458 537 4503 est
555 4451 586 4503 e'a
603 4450 660 4502 illio
678 4448 844 4517 tempiterais
861 4448 979 4518 ignitur,
1001 4467 1069 4518 puae
1086 4451 1177 4502 sidera
1199 4456 1225 4500 et
1241 4449 1333 4502 stellae
1347 4468 1393 4503 na·

171 4532 254 4596 catio,
274 4533 369 4598 'atque
388 4535 560 4586 demonstrat
579 4534 619 4601 (a,
636 4527 693 4598 142)
716 4547 772 4599 qna
789 4533 900 4586 ratione
917 4536 1027 4589 dicatur
1048 4536 1187 4602 „mundns
1204 4533 1249 4588 det
1268 4535 1392 4598 tempium
