2950 4992
217 177 261 244 ro
701 173 910 280 monem

186 347 364 434 bdesnprisc
382 347 555 414 videamini.
596 347 681 412 llaec
699 353 782 414 secta
801 355 833 413 et
850 345 1023 440 praeceptio
1041 346 1180 413 Platonis
1201 355 1258 428 est,
1277 349 1330 436 qui
1354 349 1386 414 in

216 432 383 498 Phaedone
403 433 512 498 delinit
539 431 657 498 bomini
681 453 745 497 non
772 453 839 498 esse
864 453 919 498 sua
940 440 1048 517 sponte
1070 433 1278 499 moriendum.
1326 435 1386 500 Sed

217 518 250 584 iu
271 518 379 584 eodem
397 527 502 584 tamen
524 513 646 604 dialogo
665 517 746 582 idem
769 517 842 583 dicit
871 524 1000 583 mortem
1022 515 1313 603 philosophantibus
1334 520 1385 584 ad-

238 603 379 668 etendam
414 611 447 669 et
476 603 571 689 ipsam
604 602 829 689 philosophiam
865 601 1094 668 meditationem
1124 623 1192 668 esse
1225 604 1391 669 moriendi.¹

216 625 301 754 llaec
322 687 379 753 sibi
406 709 442 754 er
500 688 653 753 contraria
675 688 834 753 videntur:
875 685 929 753 sed
950 709 1012 752 non
1033 685 1075 751 ita
1096 695 1152 752 est
1194 688 1274 754 Nam
1296 690 1385 754 Plato

217 773 293 838 duas
313 781 429 839 mortes
471 773 583 836 ominis
604 771 699 837 novit
741 773 806 839 Nec
823 771 883 837 hoc
902 793 985 837 nunc
1005 778 1122 858 repeto,
1140 773 1223 858 quod
1241 774 1385 858 superius

216 859 418 934 dictumest,
451 856 528 922 duas
549 877 617 922 csse
637 863 769 933 mortes,
797 877 890 922 unam
911 857 1047 934 animae,
1081 856 1220 922 animalis
1241 859 1385 925 alteram:

215 943 270 1008 sed
292 942 389 1028 ipsius
410 960 535 1026 quoque
557 940 714 1020 animalis,
739 940 799 1006 hoo
823 948 871 1006 est
891 941 1042 1020 bominis,
1073 941 1148 1007 duas
1168 942 1279 1008 adserit
1302 964 1385 1009 mor-

186 1019 278 1104 dns,
312 1045 444 1112 quarum
470 1045 566 1090 unam
592 1033 715 1104 namra,
751 1025 880 1092 virtutes
907 1027 1035 1092 alteram
1061 1035 1227 1112 praestant
1280 1029 1384 1093 Homo

215 1110 298 1176 enim
320 1111 461 1187 moritur,
483 1132 554 1176 curn
574 1111 675 1176 anima
696 1131 808 1196 corpus
827 1111 975 1198 relinquit
994 1111 1132 1177 solutum
1155 1112 1222 1197 lega
1241 1119 1385 1179 naturae:

214 1195 294 1261 mori
314 1195 406 1260 etiam
427 1194 553 1273 dicitur,
588 1215 658 1261 cum
678 1195 779 1260 anima
802 1195 902 1263 adhuc
926 1197 958 1262 in
981 1217 1110 1282 corpore
1132 1197 1297 1263 constituta
1318 1219 1385 1264 cor·

214 1300 325 1366 porcas
361 1278 519 1345 illecebras
547 1275 720 1366 pbiloiopia
749 1281 879 1347 docente
912 1281 1082 1347 contemnit
1114 1283 1147 1347 et
1181 1281 1385 1366 cupiditatum

162 1365 323 1439 [oonulces
344 1364 470 1430 insidias
490 1365 687 1451 reliquasque
706 1365 815 1431 omnes
836 1367 961 1433 exuitur
978 1367 1145 1453 passiones.
1186 1369 1229 1434 Et
1251 1367 1312 1433 hoc
1340 1378 1387 1435 est

215 1450 299 1536 quod
320 1449 462 1536 superius
487 1471 526 1516 ex
550 1451 685 1516 secundo
705 1450 854 1517 virtutum
877 1452 1002 1530 ordine,
1037 1473 1117 1538 quae
1146 1452 1220 1517 solis
1249 1453 1385 1537 pbiloso-

185 1534 381 1621 'lpbantibus
399 1543 488 1621 aptae
507 1542 589 1616 sunt,
606 1536 730 1602 evenire
748 1536 944 1622 signavimus.
987 1539 1073 1603 llanc
1092 1556 1165 1620 crgo
1186 1543 1317 1604 mortem
1339 1539 1386 1604 di·

214 1622 257 1686 cit
275 1620 364 1686 Plato
381 1620 570 1705 sapientibus
591 1641 657 1686 esse
679 1622 900 1706 appetendam:
921 1623 1004 1687 illam
1022 1643 1105 1697 vero,
1123 1642 1215 1707 quam
1237 1624 1384 1689 omnibus

214 1713 324 1771 natura
343 1705 517 1784 constituit,
545 1705 612 1790 cogi
633 1706 682 1773 vel
705 1705 810 1771 inferri
832 1708 881 1773 vel
903 1707 1042 1773 accersiri
1063 1714 1160 1783 vetat,
1192 1706 1305 1772 docens
1328 1730 1381 1773 ex·

214 1791 395 1878 pectandom
417 1811 485 1857 esse
506 1798 664 1868 naturam,
686 1799 718 1856 et
738 1791 794 1856 has
814 1813 920 1859 causas
940 1792 1033 1858 buius
1054 1791 1195 1878 aperiens
1216 1792 1383 1860 sanctionis

216 1897 292 1962 quas
306 1897 344 1941 ex
361 1897 421 1942 usu
439 1896 543 1942 rerum
561 1896 641 1961 quae
660 1875 692 1941 in
711 1877 864 1943 cotidiana
883 1878 1115 1944 conversatione
1129 1884 1202 1942 sunt
1216 1885 1384 1944 mutuatur.

184 1960 369 2029 linirentur
390 1982 444 2026 eos
513 1961 523 2026 i
544 1960 704 2047 potestatis
732 1961 863 2048 imperio
884 1963 1053 2029 truduntur
1078 1963 1110 2028 in
1138 1983 1290 2028 carcerem
1319 1985 1382 2031 non

216 2054 359 2135 oportere
378 2046 451 2114 inde
492 2046 620 2134 iliugere
640 2046 727 2135 prius
745 2068 838 2135 quam
858 2054 994 2136 potestas
1014 2049 1079 2136 ipsa
1102 2067 1182 2134 quae
1202 2048 1311 2115 clausit
1329 2051 1382 2117 ab·

280 2226 350 2279 lllss.
367 2223 609 2287 ustuladum]

212 2312 246 2373 ιι)
261 2311 314 2363 tta,
326 2337 356 2350 ·-
374 2311 513 2380 defugisse
529 2310 637 2375 c-trst’3
654 2308 748 2362 Sama.
766 2311 787 2364 1.
805 2327 827 2363 e.
843 2307 910 2362 llus.
928 2308 1039 2378 etlldd.
1073 2307 1236 2379 diffugisse
1251 2308 1381 2368 Furnos

212 2378 382 2442 ttae-oum
400 2380 435 2430 cl.
453 2378 598 2446 intesta.
633 2380 775 2448 effugisse
794 2377 812 2431 i.
843 2377 958 2460 fugiter
974 2376 1045 2429 Brun.
1181 2382 1206 2430 5.
1242 2380 1271 2431 in
1291 2380 1382 2433 Pnac-

212 2448 291 2515 dane]
309 2465 337 2514 p.
353 2451 388 2498 62
405 2453 434 2499 et
447 2451 487 2499 dt.
505 2473 541 2485 -
559 2446 709 2498 Plredrane
726 2447 825 2498 blena.
859 2447 985 2508 vincent.¹
1001 2443 1146 2497 Bellovac-
1161 2445 1274 2514 Specnl.
1290 2455 1385 2502 natur.

212 2518 257 2578 31,
268 2515 496 2582 tto.-‹ttsfintr
511 2512 544 2565 F.
561 2513 646 2566 -sed
663 2513 840 2566 ineundum.
868 2515 947 2567 ltern
963 2513 992 2564 irs
1010 2513 1119 2580 dialogo
1134 2515 1205 2566 idern
1222 2516 1287 2567 dicit
1304 2515 1382 2568 l'inc.

212 2582 287 2636 Bell.
304 2582 324 2634 l.
341 2599 366 2634 e.
380 2612 408 2622 -
427 2584 500 2634 diota
522 2590 640 2634 atamen
660 2581 753 2633 Bl.·-
769 2583 820 2634 sibi
835 2584 903 2646 (arn.
923 2583 1002 2650 erga)
1020 2579 1092 2632 Bsn.
1126 2583 1177 2634 sibi
1194 2599 1260 2652 erga
1278 2582 1333 2634 del.
1346 2585 1382 2636 H.

212 2677 248 2690 ·-
263 2652 397 2704 contrariu
414 2667 483 2703 csse
499 2599 576 2700 itae.
593 2648 666 2700 Bell.
685 2649 704 2701 l·
722 2665 746 2702 c.
768 2675 802 2688 -
825 2651 894 2702 duas
909 2664 978 2701 csse
1000 2647 1034 2700 G.
1051 2673 1086 2688 -
1106 2647 1219 2702 laminir
1237 2659 1331 2703 martas
1348 2651 1382 2703 F.

212 2718 461 2770 uaneslminusn
480 2716 552 2769 Bes.
565 2743 600 2755 -
615 2717 663 2768 lrac
680 2717 737 2768 del.
753 2717 806 2770 111.
821 2745 849 2756 -
866 2734 931 2771 non
948 2731 1021 2768 rece
1049 2723 1080 2767 ta
1098 2715 1153 2768 112.
1166 2718 1342 2786 -snperinq
1355 2737 1380 2771 c.

214 2784 287 2852 nri
307 2789 319 2834 1
338 2801 398 2851 sqq.
415 2813 448 2824 -
469 2787 623 2838 duacenae
643 2785 738 2837 assmit
757 2785 807 2836 111.
944 2786 968 2835 d.
1032 2801 1090 2836 arno
1109 2789 1178 2844 (om.
1197 2787 1280 2847 enim)
1298 2787 1330 2839 tt.
1346 2813 1382 2826 -

213 2854 281 2906 niori
297 2852 381 2904 enirn
397 2854 494 2904 dicitur
510 2852 562 2903 rat.
579 2878 610 2890 -
627 2850 796 2920 philosophia
812 2849 964 2904 ducentclr
982 2865 1069 2903 aueo.
1087 2867 1123 2903 m.
1139 2880 1167 2890 -
1187 2854 1300 2906 insidias
1317 2855 1381 2908 dul-

214 2938 257 2974 ces
272 2919 304 2971 tt.
322 2947 356 2960 -
371 2921 453 2971 enuit
471 2919 541 2970 Βιι.
576 2919 676 2970 esurit
690 2919 767 2970 l‘inc.
784 2919 860 2970 Bell.
876 2920 893 2973 Ι.
912 2936 935 2970 e.
955 2945 986 2956 -
1005 2917 1247 2988 superteneat
1267 2927 1293 2972 θ.

213 2995 241 3042 t.
274 2989 436 3058 sapientibus
451 2987 627 3054 appetendam¹
649 2987 715 3042 dicit
732 2988 811 3039 Plato
829 2984 901 3038 Bne.
920 3013 956 3026 -
980 2987 1050 3054 regi
1067 2987 1109 3038 oet
1131 2988 1227 3052 inferri
1246 3005 1278 3052 ⁸3
1303 2989 1382 3052 Mod.
1415 3012 1421 3020 ·

213 3056 247 3111 N.
265 3057 298 3108 1..
318 3074 344 3124 p.
365 3059 422 3109 toz
440 3051 567 3106 restituit
585 3054 655 3123 engi.
674 3080 708 3095 -
726 3055 873 3106 arcessiri
890 3054 917 3106 b.
939 3081 962 3090 -
991 3061 1143 3106 mutantur
1163 3058 1206 3106 vl.
1239 3065 1381 3108 nuscan-

212 3133 257 3181 tur
274 3129 319 3179 rb.
460 3127 487 3174 8.
522 3121 568 3175 Ait
586 3127 663 3188 (sup.
680 3122 745 3175 udd.
762 3123 845 3182 enin)
862 3121 919 3187 ttu;
937 3119 1008 3184 (dcl.
1024 3122 1107 3182 eninr)
1126 3121 1179 3174 Hl.
1195 3149 1229 3160 -
1247 3124 1382 3195 diffugere

232 3281 326 3347 Ι1111,
344 3285 370 3334 11.
406 3297 494 3335 mnes
508 3279 614 3333 eruitur
626 3280 774 3349 passiones]
823 3279 1030 3332 accersebantur.
1069 3277 1124 3332 Sed
1154 3279 1225 3331 lraee
1252 3281 1382 3335 scriben-

213 3351 354 3406 Similiter
364 3350 525 3403 Macrobioe
541 3365 564 3405 e.
574 3352 600 3409 9,
615 3348 666 3413 13.
681 3350 774 3400 anima
823 3346 894 3399 tium
913 3355 1005 3400 erratu
1027 3362 1091 3400 ease
1111 3347 1181 3399 rnibi
1204 3349 1382 3416 exploratam

212 3424 324 3476 uirtutes
340 3419 491 3483 induitur,
519 3434 544 3471 e.
567 3419 613 3478 11,
638 3417 652 3482 5
674 3415 774 3467 tutn-
824 3421 880 3467 ests
904 3431 967 3465 narn
987 3414 1090 3466 melius
1109 3416 1199 3468 laubos
1217 3433 1277 3483 cap.
1298 3435 1383 3484 prae-

213 3499 295 3550 teum
320 3504 422 3556 eorpus
443 3488 597 3549 induitur,
629 3491 659 3535 et
681 3501 705 3535 e.
734 3485 774 3546 14,
825 3483 885 3532 ced.
904 3481 929 3548 [5
945 3482 995 3549 16.]
1013 3485 1226 3545 mesaticorum,
1242 3485 1382 3538 inlruan-

215 3556 272 3622 17.
293 3563 412 3623 patrens
431 3555 584 3616 induitur,
613 3556 643 3603 et
661 3550 774 3618 saepius
824 3556 880 3601 tem
902 3551 957 3601 hac
979 3567 1040 3615 cap.
1068 3549 1093 3616 [i
1117 3551 1168 3617 tn]
1191 3554 1306 3605 mcesait
1344 3553 1383 3606 Bt

212 3625 289 3674 banc
320 3621 555 3674 constructionem
588 3618 714 3672 admittit
746 3618 775 3670 ia
822 3617 892 3669 alibi
915 3619 988 3685 quod
1011 3617 1166 3669 lartissisne
1193 3635 1238 3670 ure
1260 3619 1315 3672 bue
1338 3629 1383 3672 at·

213 3686 382 3757 participio,
406 3695 437 3740 nt
453 3689 495 3751 11,
515 3693 561 3747 10,
581 3690 622 3738 lo·
641 3687 775 3754 ceperitn-
824 3683 921 3748 trabit,
939 3694 982 3738 est
999 3685 1071 3753 qrrad
1088 3685 1199 3738 rideam
1215 3686 1300 3742 etiarn
1318 3687 1383 3738 Vir·

213 3765 275 3813 tens
292 3755 382 3813 eruti.
399 3762 428 3806 et
444 3755 481 3816 ll,
499 3759 541 3816 tu,
558 3757 583 3804 6.
601 3763 703 3806 exutus
721 3754 772 3807 lsa-
822 3753 895 3818 gilio
913 3753 1031 3821 impingi
1051 3751 1079 3804 id
1104 3755 1233 3816 verbum,
1268 3756 1317 3807 lib.
1335 3755 1382 3806 lV.

190 3825 331 3878 ,nsincnn
364 3822 528 3888 Btpoctues
556 3819 637 3873 Orid.
657 3821 772 3873 Metam.
822 3819 880 3872 Sat.
899 3837 958 3886 cap.
975 3824 993 3872 5
1011 3819 1036 3886 [i
1056 3819 1103 3886 l.]‚
1121 3819 1201 3888 qnasi
1219 3822 1383 3890 scripsisset

212 3891 281 3956 vlt,
303 3893 363 3942 318.
386 3888 702 3956 Cornunpuaenuitar,
725 3905 773 3940 nec
822 3904 965 3952 accesere,
996 3905 1060 3940 curn
1084 3889 1119 3940 ab
1146 3889 1223 3941 oanni
1246 3890 1383 3942 memorie

213 3978 267 4014 nan
285 3957 481 4011 antomidus
499 3971 605 4016 annas,
631 3954 707 4006 idem
725 3955 771 4020 Vl,
821 3954 862 4007 ibi
883 3955 986 4008 lectum
1005 3955 1044 4006 eit
1059 3971 1196 4020 mactem,
1213 3964 1383 4024 agnoscente

213 4033 274 4080 668.
315 4025 503 4092 induiturque
538 4029 624 4074 atrae
665 4030 773 4084 anesten,⁸
809 4022 909 4074 -etiarn
932 4022 1061 4075 Servio.“
1088 4021 1180 4074 (inan.
1215 4024 1246 4075 ln
1267 4025 1383 4093 Virgilii

213 4095 293 4164 virg.
314 4095 381 4145 des.
403 4092 445 4156 11,
471 4094 520 4143 1191
548 4105 606 4154 seq.
633 4090 773 4160 Androgei
822 4090 994 4143 editionibus
1012 4091 1059 4143 rel
1076 4090 1238 4144 novissimis
1257 4093 1384 4144 canole·

213 4163 333 4233 galeam
360 4161 439 4229 clipei
457 4175 489 4210 uc
511 4157 624 4226 insigne
651 4158 773 4209 decorans
824 4157 903 4226 gitur
917 4175 1060 4224 arcessere,
1083 4159 1131 4210 sed
1151 4159 1288 4211 Macrobii
1304 4160 1382 4211 codi-

216 4231 358 4292 lnduitur‚
372 4240 402 4281 et
420 4179 477 4287 vlt,
495 4231 547 4278 639
563 4241 620 4292 seq.
638 4225 773 4293 clipeum·
824 4243 870 4276 oea
887 4233 916 4278 et
932 4226 984 4278 illo
1002 4227 1064 4277 laea
1083 4233 1111 4277 et
1126 4225 1194 4278 aliie
1211 4227 1271 4278 iere
1291 4227 1383 4279 amni·

215 4313 274 4414 piac¹
287 4312 403 4365 auroque
428 4296 549 4349 triticeus
572 4294 702 4346 Loricam
727 4294 773 4345 in·
821 4293 879 4409 besarae
893 4294 1087 4411 commenplppnt
1104 4293 1384 4412 serilptprpralprcce.

235 4378 327 4412 usur.
821 4377 835 4410 s
879 4377 1018 4425 ‚quamn
1040 4376 1151 4426 squees
1177 4377 1184 4410 ι
1207 4379 1243 4412 ιιι.
1305 4379 1385 4414 ern-

248 4431 275 4476 τ.
308 4429 432 4480 meretri
452 4428 537 4494 enat]
559 4424 698 4492 ‚Mergitur
719 4425 774 4476 lanc
822 4424 932 4477 linitiva
950 4429 1073 4481 anemuri
1091 4427 1146 4482 aid.
1164 4427 1294 4482 Doederl.
1314 4429 1386 4500 Spa.

216 4491 332 4541 verbam
349 4491 433 4544 etiam
449 4495 463 4544 l
482 4494 542 4546 Sat.
556 4498 590 4544 lb
609 4493 634 4558 [1
651 4492 707 4557 itin]
724 4507 772 4542 ac·
822 4492 874 4550 ttt.
890 4510 916 4559 p.
933 4497 994 4546 282

217 4555 326 4619 carita,
367 4557 397 4609 11
421 4557 480 4612 Set.
510 4562 541 4611 rt
568 4558 636 4628 [lll‚
663 4560 710 4625 14,
736 4555 772 4626 7.]
856 4562 883 4611 a.
918 4560 964 4629 qui
980 4595 1021 4614 ...
1040 4561 1186 4618 truduntur
1202 4563 1385 4633 memsam]
