2950 4992
252 156 315 232 tro
735 157 945 230 MACROBII

202 324 326 419 {libero
348 331 516 410 dicaretur,
550 330 627 396 si-ei
653 350 776 418 semper
800 337 907 398 tenore
933 331 1077 399 licuisset
1091 343 1106 358 “
1121 333 1182 400 Sed
1204 337 1279 423 quid
1299 339 1418 421 miram,

253 423 281 488 si
306 420 428 484 animus
455 415 494 482 de
520 415 578 481 lrac
602 416 728 502 regione
753 435 817 482 non
841 426 974 498 constat,
1007 417 1078 484 cum
1106 441 1164 486 nec
1187 425 1309 509 corpori
1331 427 1420 492 labri·

253 506 360 571 cando·
373 505 437 571 sola
458 500 634 568 suffecerit?
675 505 756 570 Nam
776 504 850 602 quia
869 513 950 570 terra
979 523 1058 592 aqua
1081 513 1112 570 et
1128 527 1187 576 ser
1211 509 1290 575 inlra
1316 511 1418 578 lunam

254 599 340 668 sunt,
374 611 413 655 ex
433 588 481 654 his
502 588 575 652 solis
596 609 709 674 corpus
732 587 799 654 lien
821 611 883 654 uon
906 590 1020 677 potuit,
1055 592 1138 677 quod
1165 592 1313 660 idoneum
1340 608 1419 663 esset

155 741 161 750 ,
253 678 292 742 ad
320 677 429 743 vitam:
467 673 521 739 sed
548 693 626 759 opus
654 673 712 739 luit
739 675 892 761 praesidio
919 675 998 762 ignis
1028 676 1170 754 aetherii,
1207 679 1259 765 qui
1289 684 1418 749 terrenis

253 762 400 828 memhris
419 761 513 826 vitam
536 767 568 824 et
593 759 726 825 animam
753 760 926 830 sustinendi
953 763 1162 829 commodaret
1182 764 1332 849 rigorem,
1365 769 1417 854 qui

202 848 377 916 diritalem
399 845 539 924 ¹calorem
569 852 604 921 et
626 844 740 911 laceret
766 854 798 911 et
824 846 925 914 lomet.
972 849 1057 914 Haec
1086 849 1181 914 etde
1208 871 1276 916 aere
1304 851 1417 918 dixisse

253 954 309 998 nos
337 932 410 998 satis
437 930 486 994 sit
534 930 658 1008 Restat,
691 939 729 996 ut
754 929 792 996 de
817 939 915 1011 turra,
947 953 1027 1018 quae
1052 933 1251 1020 sphaerarum
1280 957 1359 1002 nona
1384 945 1417 1003 et

253 1018 360 1083 mandi
378 1015 487 1081 ultima
508 1022 564 1093 est,
584 1014 669 1081 dictu
688 1018 859 1082 neccssaria
878 1013 1073 1086 disseramus.

201 1120 273 1194 [ιιι]
337 1103 438 1168 xxll.
479 1101 557 1168 Nam
578 1123 622 1179 ea,
643 1124 719 1189 qaae
741 1113 782 1168 est
799 1103 898 1170 medea
919 1116 946 1170 et
964 1125 1055 1182 nona,
1077 1104 1170 1182 tellas,
1195 1104 1305 1191 inquit,
1325 1128 1417 1194 nepae

249 1200 397 1264 nocetne,
432 1197 459 1250 et
476 1186 580 1273 infima
599 1197 654 1264 est,
690 1198 717 1252 et
736 1187 771 1254 in
793 1211 857 1254 eom
883 1193 1026 1276 [naama
1045 1191 1147 1255 omnia
1167 1203 1245 1255 nata
1266 1213 1321 1256 suo
1339 1213 1414 1289 pan·

220 1275 333 1341 idere.
375 1273 450 1337 lllae
475 1288 552 1336 rere
575 1271 754 1340 insolubiles
779 1294 888 1340 causae
913 1283 1001 1353 sunt,
1033 1295 1112 1362 quae
1140 1276 1258 1340 mutuis
1287 1276 1416 1343 invicem

250 1357 383 1424 neribus
408 1355 601 1436 vinciuntur,
630 1365 677 1435 et,
710 1358 786 1424 dum
812 1360 1056 1426 alteraaltcram
1076 1359 1148 1426 lacit
1167 1381 1202 1425 ao
1226 1360 1358 1427 vicissim
1380 1363 1417 1428 du

251 1465 284 1511 se
306 1449 488 1519 nascuntur,
526 1462 695 1529 numquam
717 1465 735 1509 a
757 1446 904 1511 naturalis
930 1446 1084 1512 societatis
1112 1445 1305 1532 amplexibus
1332 1469 1417 1533 sepa·

249 1537 366 1597 rantur.
410 1526 496 1592 Talia
526 1536 600 1592 sunt
629 1529 763 1608 vincula,
803 1531 917 1617 quibus
946 1539 1061 1598 terram
1086 1539 1197 1597 natura
1225 1533 1416 1599 constrinxit.

249 1618 329 1683 Nam
351 1614 421 1678 ideo
440 1612 472 1676 in
492 1633 561 1678 eam
586 1612 729 1679 feruntur
753 1617 872 1696 omnia,
907 1617 979 1704 quia
997 1625 1034 1682 ut
1056 1616 1237 1682 medionon
1259 1628 1415 1685 moretur:

249 1701 320 1787 ideo
340 1721 403 1764 non
426 1706 581 1777 movetur,
602 1700 675 1783 quia
701 1699 807 1766 intima
828 1711 888 1768 est:
915 1723 972 1768 noc
991 1707 1113 1853 poterat
1132 1701 1236 1767 infima
1259 1725 1322 1768 non
1342 1726 1417 1782 esse,

250 1787 400 1871 inquam
427 1783 531 1866 omnia
558 1785 708 1850 feruntur.
755 1788 876 1854 Horum
903 1789 992 1875 singu
1005 1809 1036 1867 a,
1068 1809 1147 1875 quae
1174 1789 1418 1856 insensabiliter

221 1871 388 1937 dinroluta
408 1889 514 1968 rerum
535 1871 568 1935 in
588 1890 621 1934 se
642 1873 807 1938 necessitas
834 1873 951 1951 iunxit,
984 1883 1133 1940 tractatus
1159 1810 1308 1959 expediat
1349 1877 1418 1943 Non

249 1968 397 2030 metor,
428 1963 479 2022 art.
522 1957 580 2022 Est
601 1956 684 2021 enim
705 1967 849 2024 centron:
886 1961 918 2026 in
941 1958 1070 2044 sphaera
1097 1967 1199 2025 autem
1221 1960 1321 2024 solum
1348 1982 1417 2026 oen-

249 2049 319 2108 tron
338 2040 476 2104 diximus
497 2062 560 2106 non
581 2043 714 2121 morari,
746 2045 819 2130 quia
841 2052 1045 2121 recenseat,
1077 2052 1113 2109 ut
1132 2045 1210 2108 circa
1232 2044 1349 2128 aliquid
1370 2047 1417 2110 in-

181 2151 193 2163 ‘
221 2122 363 2212 lmobile
386 2124 515 2210 splraera
537 2137 705 2194 moveatur.
753 2129 886 2196 Adiecit:
918 2130 1022 2215 Mna
1042 2141 1090 2193 est.
1133 2130 1228 2192 Recte
1252 2126 1311 2192 hoo
1338 2149 1416 2214 quo·

249 2233 320 2299 que.
355 2212 440 2278 'Nam
463 2208 546 2297 quod
573 2219 705 2279 centron
722 2222 770 2280 est
795 2213 930 2282 medium
952 2221 1012 2286 est;
1047 2213 1080 2276 in
1103 2211 1231 2298 sphaera
1258 2231 1332 2277 vero
1353 2207 1433 2276 hoo'

249 2300 349 2365 solum
372 2305 492 2363 constat
515 2298 613 2364 imum
635 2298 808 2396 asarmot
831 2298 966 2365 medium
985 2305 1041 2363 est
1083 2296 1172 2362 Etsi
1193 2296 1254 2362 ima
1276 2303 1337 2376 est,
1365 2317 1414 2362 se-

314 2485 385 2536 Mss.
407 2483 634 2556 BGFSPRIQG]

248 2568 543 2636 r·gGlll⁰LTn.Bsrr.
582 2571 692 2622 remittit
710 2575 781 2630 (om.
798 2574 836 2631 et)
861 2568 917 2620 FP.
958 2569 1057 2620 etiam
1074 2567 1184 2620 remittit
1203 2567 1261 2618 s-ls.

246 2641 289 2688 86.
323 2639 428 2688 animos
451 2644 527 2703 (sap.
546 2639 588 2688 ael
606 2637 713 2696 animo)
733 2637 784 2688 Ra.
833 2638 928 2689 anima
949 2635 1042 2688 Fllrrn.
1061 2635 1097 2696 (h
1115 2651 1131 2686 a
1150 2652 1206 2686 sec.
1225 2638 1288 2694 ιιι).
1318 2661 1346 2672 -
1378 2651 1417 2686 ne

247 2705 349 2770 corpori
366 2704 398 2754 F.
425 2733 461 2744 -
488 2705 600 2757 aetherii
621 2705 772 2756 GFRlGO.
807 2705 931 2757 aetherei
952 2703 1182 2755 ardrensem.
1212 2730 1239 2740 -
1269 2703 1417 2754 sustinendi

247 2777 321 2835 (sup.
340 2771 382 2822 cel
401 2772 600 2833 subsistendi]
618 2774 670 2824 Rl.
709 2773 896 2826 subsistendi
913 2777 989 2839 (sup.
1007 2773 1049 2824 ael
1070 2771 1230 2830 nostineads]
1249 2769 1278 2822 C.
1306 2797 1342 2810 --
1368 2772 1416 2821 ai·
1454 2833 1455 2836 Ἴ

247 2839 349 2890 talem
359 2840 483 2908 rigorem
500 2839 552 2890 Β).
576 2869 612 2881 -
633 2843 757 2905 ecferret
772 2844 912 2907 etsuceret
931 2839 963 2892 F.
983 2872 1004 2900 ,-
1113 2843 1157 2890 36.
1191 2856 1240 2891 nas
1256 2839 1354 2890 dixisse
1370 2855 1417 2890 sa·
1454 2845 1455 2848 ’

246 2907 282 2958 tis
298 2907 333 2957 sit
350 2905 381 2955 1⁴¹.
416 2907 514 2958 dixisse
530 2910 689 2973 sufficiat
709 2908 742 2958 B.

315 2972 403 3024 llllll.
443 2975 529 3042 Caput
547 2977 637 3036 Uli.
677 2977 759 3027 'l'erra
777 2991 830 3091 poa
848 2975 881 3026 de
898 2991 981 3026 caasa
998 2973 1138 3024 inamabilis
1155 2973 1202 3034 sit,
1230 2979 1259 3024 'et
1279 2973 1367 3023 omnin
1387 2973 1417 3024 in
1454 3035 1455 3038 Ἴ

247 3057 305 3094 enar
322 3057 370 3093 sao
387 3048 454 3092 nata
466 3045 595 3106 serantur
611 3045 737 3110 pondera.
761 3058 776 3092 c
798 3042 840 3092 -ln
994 3045 1017 3092 1.
1055 3041 1137 3106 Nam]
1157 3040 1251 3091 Soura.
1267 3040 1317 3103 lV,
1336 3045 1360 3090 2.
1381 3067 1417 3077 -
1454 3039 1455 3100 l

247 3117 273 3160 at
289 3110 318 3159 in
334 3125 393 3159 eam
415 3107 740 3176 sistier-gutmanus.
764 3109 857 3160 Somn.
876 3107 940 3158 l.'e.
963 3108 1030 3160 Mes.
1049 3114 1078 3159 st
1095 3107 1164 3158 Edd.
1213 3109 1240 3156 in
1262 3123 1318 3156 suar
1344 3113 1416 3165 (om.

247 3181 286 3236 et)
308 3175 550 3230 scetere-oro.
702 3182 728 3229 2.
764 3193 825 3228 vere
847 3175 1019 3227 rere-noar.
1058 3191 1124 3226 aero
1150 3172 1415 3240 g-zcrsltreow.

249 3271 278 3283 ·-
298 3244 409 3296 alterans
427 3245 513 3296 altera
529 3246 580 3296 RQ.
600 3273 632 3284 —
654 3247 665 3296 i
671 3254 703 3298 ta
719 3246 833 3296 vicissim
850 3245 931 3312 v-glr.
953 3269 987 3280 -
1010 3249 1044 3294 nt
1058 3259 1201 3309 numqaum
1277 3257 1417 3308 separen-
1454 3293 1455 3304 ¹

245 3321 290 3364 tar
311 3313 389 3379 e-glr.
425 3313 547 3376 „Melior
572 3313 655 3364 lectio
679 3313 791 3364 videtur
814 3328 876 3362 esse
902 3313 929 3362 in
948 3310 992 3360 ed.
1015 3315 1068 3360 aet.
1092 3317 1165 3370 (vere
1244 3309 1283 3359 ita
1360 3314 1418 3368 ut).

245 3381 306 3432 Etsi
326 3389 444 3448 utraque
464 3379 548 3432 lectio
566 3397 649 3432 sensu
669 3398 722 3432 non
742 3382 812 3432 adea
838 3395 1008 3447 magnopere
1029 3377 1177 3440 differunt,
1209 3378 1349 3442 posterior
1372 3383 1418 3428 ta-

246 3466 308 3499 men
327 3450 411 3516 longe
428 3449 581 3517 gratiorem
600 3449 690 3501 allicit
706 3449 891 3500 orationem.“
912 3447 996 3498 Zeus.
1014 3473 1046 3486 -
1066 3447 1253 3496 idco-autern
1271 3462 1324 3495 non
1343 3443 1418 3494 Fs-lr
1454 3447 1455 3496 ἶ

246 3516 277 3566 P.
296 3543 329 3554 -
344 3518 373 3567 in
389 3534 446 3584 qua
463 3518 497 3568 G.
515 3547 548 3584 'T
569 3519 711 3568 necessitas
728 3519 757 3567 in
776 3533 803 3568 se
821 3531 881 3582 v-g.
898 3541 934 3556 -·
952 3514 1045 3565 ainait
1063 3511 1233 3563 Edddueffl
1253 3511 1296 3573 (in
1316 3512 1340 3562 B
1359 3528 1418 3562 nan

246 3582 344 3647 liquet,
364 3592 457 3636 utram
475 3585 514 3636 sit
528 3587 556 3636 ai
573 3599 608 3636 an
625 3587 677 3645 ia).
695 3592 848 3636 -tractas
866 3586 907 3633 vl.
927 3609 961 3620 ·-
978 3581 1106 3648 expediet
1123 3579 1153 3630 C.
1293 3583 1318 3630 3.
1355 3596 1419 3630 cen-

245 3657 325 3700 trum
342 3651 392 3701 Ra.
416 3663 449 3691 -·-
475 3652 599 3718 dirimas]
620 3670 644 3703 c.
665 3656 710 3715 lt),
736 3651 750 3717 ξ
773 3656 811 3702 ll.
833 3679 864 3690 -
889 3651 1003 3703 arsinus
1019 3666 1072 3699 non
1087 3648 1187 3698 moveri
1206 3645 1289 3700 solam
1308 3655 1419 3697 enchon

245 3716 277 3766 F.
312 3719 396 3769 salam
412 3721 607 3771 centramdia.
624 3737 678 3770 non
695 3737 764 3771 moa.
786 3718 861 3770 CR2.
1012 3717 1037 3766 4.
1078 3723 1107 3768 at
1124 3715 1218 3781 infima
1237 3722 1275 3766 est
1298 3713 1354 3765 FP.
1381 3742 1419 3752 -

244 3786 323 3836 haec
340 3803 441 3854 qaoque
458 3787 489 3838 F.
508 3815 542 3826 -
563 3795 689 3839 ennean
707 3794 746 3838 est
763 3787 813 3838 Μ.
850 3792 888 3837 est
905 3789 1029 3835 centrum
1047 3783 1098 3833 ΒΞ.
1116 3811 1149 3819 -
1168 3799 1224 3833 esec
1242 3783 1324 3833 ianam
1343 3781 1418 3832 als-o

245 3846 317 3906 PGI.
352 3853 433 3906 imant
451 3861 519 3917 (om.
539 3859 608 3914 esse)
626 3853 657 3904 B.
693 3871 784 3906 anam
803 3869 858 3906 esse
877 3858 952 3920 (sap.
970 3852 1012 3902 ael
1030 3851 1125 3910 imam)
1143 3849 1196 3900 Ra.
1226 3877 1258 3888 -
1285 3850 1308 3900 si
1324 3849 1420 3902 terra

244 4037 341 4072 eorum
363 4021 458 4091 erigas
492 4027 524 4074 at
547 4022 642 4074 nullas
665 4020 724 4073 cod.
749 4021 803 4074 llis.
855 4021 886 4072 nt
903 4033 989 4086 supra
1003 4015 1143 4070 adiectivo
1161 4016 1420 4082 insolubitesver-

246 4089 361 4141 exlrilret
385 4092 525 4158 pluralem
556 4102 710 4140 nnmerum.
760 4085 803 4140 (il.
854 4088 919 4138 lium
937 4087 1110 4148 vinciantur,
1134 4083 1176 4136 sic
1195 4085 1224 4136 ls.
1242 4085 1259 4135 Ι.
1278 4085 1420 4136 adverbio

244 4157 329 4209 etiam
344 4160 428 4224 paulo
441 4175 539 4226 supra:
556 4175 609 4208 non
621 4157 803 4224 accipiendam
853 4155 1103 4221 inseparabiliter
1117 4153 1276 4219 ,respondet
1295 4153 1421 4205 verbum

245 4233 284 4276 est
299 4227 402 4278 animos
416 4228 459 4279 ltie
478 4244 541 4290 esse,
558 4233 589 4277 as
602 4225 645 4276 laic
662 4225 736 4276 nasci
750 4242 801 4292 pa·
852 4221 954 4274 inanit.
991 4221 1151 4288 Quaeritur,
1166 4237 1220 4287 quo
1234 4219 1420 4271 referendum

244 4299 339 4343 tentor.
853 4291 891 4342 sit
910 4291 1047 4354 insolata,
1076 4291 1110 4342 ad
1130 4290 1292 4358 singulatur
1312 4287 1348 4338 ad
1368 4305 1421 4339 ne·

279 4358 368 4420 lulli,
384 4363 410 4410 2.
446 4379 513 4427 qaae
529 4360 742 4428 inseparabiliter
759 4361 801 4410 in·
852 4356 979 4410 cessitas?
1013 4357 1076 4408 Hoc
1094 4357 1206 4421 malim,
1225 4361 1256 4406 ut
1273 4355 1421 4422 insepara-

244 4423 337 4473 voluta
352 4441 441 4476 snam
457 4430 484 4478 in
503 4445 531 4480 se
546 4430 688 4478 necessitas
704 4425 801 4492 inerit]
851 4422 938 4474 diliter
954 4424 1075 4474 mactata
1096 4441 1183 4476 rernm
1207 4425 1236 4474 in
1256 4439 1284 4474 se
1299 4423 1420 4476 necessi-

244 4485 369 4538 Praetnli
392 4493 625 4555 verberationem,
650 4493 724 4559 quod
742 4495 802 4560 ple·
850 4498 895 4542 tas
919 4487 994 4538 idem
1022 4489 1060 4540 sit
1083 4497 1166 4556 atque
1194 4507 1236 4541 res
1257 4493 1420 4546 necessitate

245 4547 325 4610 rique
349 4556 428 4608 codd.
449 4558 518 4611 Mas.
544 4560 692 4622 exhibent,
726 4559 801 4625 quia,
852 4556 1063 4624 inseparabiliter
1077 4557 1105 4610 irs
1123 4573 1151 4611 ee
1168 4558 1312 4613 insolatae.
