2950 4992
259 202 397 271 COMM.
416 203 460 273 IN
479 202 606 272 SOMN.
626 202 725 271 scm.
768 206 843 271 LIB.
866 209 890 272 Ι.
935 209 1023 278 CAP.
1045 212 1084 277 ll.
1216 213 1256 278 19

87 371 234 438 omnibus
256 372 439 458 adquiescit,
474 379 505 437 et
525 379 562 437 ut
585 371 672 437 lacile
692 373 810 437 secerni
833 376 943 459 possit,
964 398 1041 462 quae
1061 400 1099 445 er
1120 381 1169 448 his
1186 402 1204 447 a
1223 402 1256 446 se

88 457 225 534 abdicet,
260 478 295 522 ac
320 458 405 523 velut
426 457 552 542 prolana
573 457 612 521 ab
638 457 706 541 ipso
728 458 882 524 vestibulo
912 480 1012 526 sacrae
1040 464 1255 549 disputationis

88 542 245 620 excludat,
267 563 345 627 quae
366 563 440 608 vero
460 542 554 605 etiam
576 562 666 625 saepe
687 562 722 605 ac
743 542 874 607 libenter
897 544 1050 624 admittat,
1070 549 1256 616 divisionum

89 627 233 711 gradibus
254 627 469 712 explicandum
490 632 546 689 est
588 626 737 704 Fabulae,
769 647 900 711 quarum
921 650 1034 693 nomen
1058 632 1169 699 indicat
1190 634 1285 699 salsi'l

89 711 325 859 professionem,
358 719 413 775 aut
430 717 551 775 tantum
574 710 779 775 conciliandae
799 712 925 776 auribus
946 713 1112 799 voluptatis
1134 726 1187 783 aut
1204 719 1256 783 ad·
1270 716 1306 785 [⁸]

111 797 271 861 ortationis
292 816 418 882 quoqne
440 796 472 859 in
491 794 602 860 bonam
622 796 741 880 lrugem
761 799 856 880 gratia
874 806 1015 883 repertae
1037 807 1119 864 sunt.
1161 802 1288 869 Audi-8

87 888 154 945 tum
176 882 329 956 mulcent,
357 880 443 945 velut
464 879 653 956 comoediae,
681 880 786 966 quales
808 882 981 947 Menander
1001 883 1106 952 eiusne
1125 884 1258 949 imitato·

88 972 170 1030 tores
197 965 329 1050 agendas
356 964 520 1044 dederunt,
558 965 605 1031 vel
630 972 809 1048 argumenta
837 966 914 1031 [ictis
941 968 1063 1033 casibus
1087 977 1259 1035 amatorum

88 1050 215 1127 referta,
256 1049 368 1134 quibus
394 1050 442 1115 vel
470 1049 602 1114 multum
630 1070 663 1113 se
689 1050 817 1114 Arbiter
848 1053 985 1116 exercuit
1015 1054 1063 1119 vel
1089 1054 1258 1139 Apuleium

87 1153 324 1217 nonnumquam
361 1133 469 1198 lusisse
502 1134 660 1197 miramur.
718 1135 786 1197 Hoc
818 1140 919 1199 totum
954 1136 1126 1205 tabularum
1160 1160 1258 1224 genus

87 1218 174 1304 quod
195 1218 275 1282 solas
297 1218 418 1303 aurium
444 1217 566 1282 delicias
594 1217 757 1303 profitetur
777 1238 794 1281 e
816 1219 947 1283 sacrario
970 1241 1027 1287 suo
1048 1223 1080 1285 in
1102 1224 1258 1289 nutricum

88 1322 185 1367 cunas
208 1302 374 1387 sapientiae
394 1310 541 1368 tractatus
559 1301 709 1366 eliminat
750 1302 800 1367 Ex
819 1302 857 1366 iis
877 1310 980 1367 autem
1003 1324 1083 1389 quae
1104 1306 1141 1369 ad
1163 1307 1288 1392 quan-9

89 1387 162 1451 dam
184 1388 333 1452 virtutum
354 1388 487 1473 speciem
514 1387 705 1452 intellectum
728 1386 857 1471 legentis
879 1386 1043 1453 hortentur
1067 1388 1102 1452 lit
1127 1391 1261 1455 secunda

90 1471 243 1536 discretio.
291 1474 328 1537 In
355 1473 539 1571 quibusdam
565 1472 648 1536 enim
677 1479 709 1535 et
732 1479 949 1559 argumentum
977 1493 1016 1537 er
1042 1472 1114 1537 licto
1142 1474 1262 1540 locatur

89 1565 123 1622 et
149 1577 205 1641 per
231 1558 389 1622 mendacia
415 1558 481 1643 ipse
511 1556 670 1621 relationis
696 1555 772 1619 ordo
802 1556 991 1633 contexitur,
1028 1563 1065 1620 ut
1090 1565 1164 1622 sunt
1190 1559 1260 1623 illae

89 1642 205 1726 Aesopi
226 1641 346 1706 labulae
374 1641 527 1726 elegantia
550 1639 682 1704 fictionis
706 1638 865 1704 inlustres:
902 1647 935 1704 at
956 1640 988 1703 in
1010 1640 1077 1706 aliis
1099 1662 1261 1726 argumen-

90 1734 159 1791 tum
181 1727 306 1811 quidem
328 1726 476 1791 tundatur
502 1724 568 1789 veri
596 1723 763 1802 soliditate,
799 1724 853 1789 sed
877 1724 952 1789 baec
977 1724 1043 1809 ipsa
1067 1727 1180 1791 veritas
1207 1748 1264 1813 per

89 1811 240 1894 quaedam
264 1810 434 1895 composita
455 1816 488 1874 et
514 1809 584 1872 licta
606 1808 775 1893 protertur,
809 1817 842 1875 et
864 1808 923 1874 hoc
950 1810 1011 1873 iam
1038 1820 1165 1877 vocatur
1190 1833 1260 1877 nar·

91 1894 172 1958 ratio
192 1894 347 1971 sabulosa,
379 1916 443 1959 non
466 1893 582 1971 sabula,
608 1901 645 1958 ut
666 1901 740 1958 suut
760 1894 996 1961 cerimoniarum
1017 1916 1115 1975 saera,
1140 1902 1177 1962 ut
1197 1898 1259 1963 He·

89 1977 170 2043 siodi
188 1986 221 2045 et
240 1978 358 2065 Orpbei
381 1998 460 2065 quae
482 1978 520 2043 de
541 1978 669 2044 deorum
695 1980 842 2065 progenie
869 1987 977 2047 acturo
1004 1989 1183 2061 narrantur,
1222 1990 1260 2053 ut

881 2132 966 2195 [Edd.
985 2130 1191 2204 ricnbgspdab.

91 2219 134 2266 vit.
285 2218 312 2265 6.
346 2222 481 2284 repugnat
496 2214 665 2283 pbilosophis
683 2232 745 2282 v-g.
765 2243 799 2255 -
826 2216 866 2269 ab
883 2234 915 2269 sc
929 2218 1000 2268 Edd.
1015 2219 1046 2270 P.
1067 2245 1102 2257 -
1123 2219 1263 2271 abdneat

90 2289 166 2349 (sup.
182 2282 298 2344 abdicet)
315 2282 368 2334 Re.
385 2310 418 2321 -
433 2284 468 2335 ab
480 2285 544 2335 isto
560 2284 584 2334 P
601 2284 660 2344 (Μ
675 2300 737 2349 sup.
750 2284 831 2351 ipso).
848 2310 882 2323 ·-
899 2300 991 2335 sacrae
1009 2285 1199 2352 disputationis
1215 2300 1268 2339 aaz

91 2351 187 2403 stibnlo
205 2351 258 2400 ΒΞ.
280 2376 314 2389 -
335 2368 481 2417 pacavero
499 2350 567 2403 Mes.
586 2350 641 2401 mai
659 2356 689 2400 at
706 2350 858 2412 Gronovii,
882 2349 1116 2403 Pertranseunt.
1153 2366 1264 2415 qnaeas

90 2417 159 2468 Edd.
194 2434 267 2484 qaas
288 2435 349 2469 aero
370 2424 413 2477 (et
435 2417 520 2482 paulo
545 2432 629 2482 supro
649 2432 722 2481 psas
810 2419 951 2483 profanas
976 2434 1095 2484 ,merope
1117 2417 1264 2476 tabulas“)

92 2484 164 2536 coni.
179 2485 264 2535 Gran.
278 2512 314 2524 -
330 2486 458 2536 admittit
474 2483 506 2533 F.
523 2510 553 2521 -—
572 2484 758 2549 explicandam
772 2488 840 2542 (om.
855 2487 907 2540 est)
925 2481 1021 2547 vicbg.
1173 2487 1199 2535 t.
1235 2484 1264 2535 s'ss

92 2553 187 2603 bonam
204 2560 332 2618 partem
351 2559 381 2603 et
399 2552 435 2601 in
445 2554 559 2618 frugem
576 2550 619 2599 R2
638 2564 655 2598 ι
674 2565 729 2599 sec.
749 2564 787 2599 m.
812 2574 841 2585 -
866 2548 1033 2600 hortationis
1056 2546 1111 2601 1211.

89 2623 117 2671 8.
153 2627 210 2671 ant
226 2620 348 2671 auditam
363 2618 506 2667 mulctant
526 2616 579 2665 HA.
613 2615 645 2665 ln
660 2614 702 2664 Rl
720 2628 808 2680 snpra
825 2615 948 2666 anditum
964 2616 1028 2666 add.
1046 2631 1063 2669 u
1080 2631 1135 2667 sec.
1152 2630 1189 2666 sn.
1209 2618 1265 2669 Ant

90 2686 170 2738 enim.
193 2713 226 2723 -
249 2686 302 2736 oet
318 2684 467 2735 comoediae
488 2681 533 2732 BS
552 2682 815 2746 (manupastus).
850 2689 884 2733 nt
902 2698 965 2737 eom.
986 2683 1062 2749 (sup.
1080 2684 1137 2749 nel)
1156 2683 1207 2733 m.
1229 2710 1265 2723 -

90 2754 135 2804 oet
154 2758 229 2802 sant
244 2757 405 2818 argumenta
421 2748 492 2799 Bon.
509 2775 543 2785 —
559 2750 592 2799 ia
609 2749 703 2815 quibas
718 2750 761 2799 net
774 2749 886 2801 mnttnm
903 2765 974 2801 esse
990 2752 1126 2803 Arbitrum
1143 2749 1264 2817 (omisso

91 2819 180 2870 verbo
199 2818 325 2877 merenit,
344 2816 416 2882 quad
437 2816 523 2866 etism
541 2831 559 2867 ιι
576 2816 598 2866 1³
614 2816 708 2876 abest)
728 2816 767 2881 G,
785 2832 865 2882 quem
882 2816 929 2883 qni
947 2818 1079 2884 contulit,
1098 2817 1265 2886 adscripsits

92 2885 155 2950 „ita
171 2883 302 2935 Wouwer
324 2882 353 2934 in
371 2883 431 2934 vitu
450 2881 604 2935 Petronii.“
638 2883 716 2935 ldem
738 2884 846 2950 recepit
864 2882 961 2935 Carrio
979 2884 1008 2936 in
1030 2885 1073 2937 ed.
1093 2885 1191 2953 steph.
1211 2891 1265 2951 (s),

93 2952 150 3005 nisi
168 2950 240 3017 qnod
260 2950 309 3001 bio
325 2950 422 3003 omisit
434 2952 480 3011 isos
500 2950 580 3003 Pont.
597 2950 645 3015 qui
663 2950 802 3002 restituit:
821 2953 914 3018 pnibns
931 2954 973 3018 pel
988 2954 1100 3006 mabam
1115 2970 1142 3004 se
1161 2954 1266 3007 Arbiter

92 3020 218 3079 exercuit,
236 3017 394 3070 adnotavits
413 3018 540 3082 „Tamen
556 3020 629 3083 qnod
643 3018 775 3098 suggerit
787 3018 961 3086 Stephanum
984 3022 1084 3085 Quibus
1095 3022 1137 3073 vel
1153 3021 1266 3072 maltam

92 3105 150 3141 esse
163 3087 309 3149 Arbitrum,
327 3086 353 3137 si
371 3101 406 3137 ex
423 3086 505 3137 tibris
520 3092 573 3148 est,
589 3102 643 3136 nou
663 3086 836 3153 displicebit,
856 3087 927 3153 qnod
946 3089 981 3139 ab
999 3088 1066 3140 aliis
1083 3086 1200 3141 iamdiu
1215 3088 1266 3139 ob·

91 3161 249 3208 serratum:
270 3155 306 3204 ln
322 3154 415 3219 qnibns
430 3156 505 3204 oto.“
538 3170 566 3206 se
580 3154 661 3205 abest
676 3169 694 3204 a
712 3156 829 3205 membr.
848 3153 947 3206 Barth.
962 3157 982 3208 l.
999 3172 1022 3208 c.
1040 3183 1075 3196 -
1091 3156 1213 3206 miratur
1228 3154 1264 3205 G.

93 3250 127 3262 -
147 3224 287 3289 profitetur
310 3222 421 3272 delicias
442 3221 475 3272 F.
496 3248 531 3259 —
555 3238 574 3272 rs
594 3222 713 3273 sacrario
735 3223 813 3287 (sup.
836 3221 864 3285 e)
887 3221 938 3272 ΒΞ.
1091 3226 1116 3273 9.
1152 3223 1197 3273 Es
1213 3222 1266 3273 tis

93 3290 135 3341 m
154 3290 222 3340 Edd.
242 3294 354 3355 praeter
370 3304 398 3356 g.
418 3314 452 3327 —
474 3290 603 3340 airtntnm
620 3289 690 3339 bias.
708 3287 937 3355 r-ngss.Bms.b.
973 3288 1089 3341 airtntis
1106 3289 1164 3339 s·b.
1181 3313 1215 3326 ·-
1228 3291 1267 3353 fit

93 3357 210 3409 secanda
232 3358 328 3408 divisio
353 3356 385 3406 Ιι.
423 3355 489 3406 Ηιιο
509 3356 622 3406 videtur
649 3354 792 3421 pertinere
818 3355 890 3420 quod
919 3354 1026 3419 legitur
1051 3354 1080 3405 in
1105 3369 1197 3419 marg.
1221 3354 1266 3407 ed.

93 3424 185 3476 Stoar.
204 3424 238 3489 [s.
254 3424 273 3475 l.
292 3422 473 3488 lasr.120.]‚
498 3424 611 3485 directo,
642 3422 717 3473 uude
733 3422 810 3475 Pont.
832 3421 916 3487 poulo
932 3436 1019 3487 supra
1038 3419 1112 3473 coni.
1128 3420 1267 3488 sapientia

94 3493 243 3543 dissecto
260 3492 389 3552 obstinat,
407 3506 564 3556 provocans
580 3491 616 3542 ad
633 3488 748 3541 Festum
767 3494 796 3540 ct
813 3488 956 3539 Plautum.
974 3514 1008 3526 -
1025 3487 1167 3605 Aesopias
1186 3488 1266 3555 mgb}

93 3559 188 3624 „quod
210 3558 293 3609 valdo
312 3559 443 3624 probem,
474 3557 501 3609 si
521 3574 594 3624 qnae
617 3556 768 3608 tonuerint
785 3557 972 3607 membranae.
1007 3553 1087 3606 Pirae
1107 3571 1155 3606 rus
1176 3554 1267 3607 libros

93 3643 162 3678 snos
180 3626 363 3692 Aesopiamm
375 3624 534 3690 fabulosam
551 3624 692 3687 inscribit,
709 3624 791 3676 'rneo
813 3622 942 3689 sopbisto
959 3618 1142 3681 Alanaelove
1160 3617 1266 3691 ibycus,

93 3692 275 3759 Aphthonius
290 3686 457 3743 Αἰσώπειον
475 3691 600 3757 μῦθον.“
617 3692 703 3744 Grau.
722 3720 755 3733 -
773 3692 877 3757 quidem
894 3698 1082 3759 argumentum
1099 3689 1150 3742 lit.
1166 3715 1200 3728 -
1217 3707 1267 3742 rs·

88 3764 181 3827 festor
200 3766 276 3825 [sup.
293 3765 356 3825 pro)
377 3758 453 3808 Fue.
476 3786 505 3797 -
528 3767 554 3812 et
570 3760 656 3812 basa
672 3762 727 3812 iam
749 3758 819 3825 egb
842 3758 1008 3821 „melioret
1029 3756 1147 3823 liuguae
1164 3774 1268 3810 cours-

93 3826 218 3879 niontior
235 3826 348 3879 lectio-‘⁶
367 3826 452 3877 Zeuu.
467 3850 503 3865 -
522 3827 652 3891 sabulosa
668 3827 789 3878 narratio
808 3825 947 3877 obruta.
965 3850 998 3863 -
1019 3832 1050 3877 nt
1067 3826 1268 3876 cerimoniarum

94 3902 127 3956 (r
142 3902 172 3947 at
183 3903 259 3946 ssssst
275 3893 377 3959 serim.)
393 3908 472 3945 sacra
489 3894 601 3945 Hesiodi
615 3903 642 3948 et
661 3894 759 3960 Orpbei
773 3894 842 3958 (om.
861 3900 891 3946 nt
905 3909 957 3945 noo
975 3889 1069 3959 posita
1086 3889 1269 3944 distinetione

93 3968 162 4016 ante
176 3963 301 4023 Hesiodi)
320 3977 381 4029 r-g.
416 3959 557 4026 „Probius
575 3962 647 4013 duno
665 3967 774 4016 veteres
791 3962 970 4014 membranae
986 3958 1150 4027 disiungunt
1166 3956 1269 4008 busc.“

128 4099 156 4149 8.
191 4092 361 4165 argammta]
391 4090 512 4159 Quintil.
531 4090 575 4155 11,
592 4093 660 4154 ῌ
706 4091 991 4174 mirumanSeiliest
1012 4090 1039 4171 ip
1057 4085 1269 4167 Metamorpho-

94 4159 658 4295 tttttttt‘ttmtttt.tdtt5'.,;t
707 4154 1269 4288 :enitenttttttttttttttt}

96 4297 141 4350 nit
152 4298 311 4363 fabulae,
331 4302 536 4363 qnaeoersatnr
553 4295 658 4346 iatra-
709 4312 743 4347 ex
767 4294 825 4346 Sat.
851 4293 916 4354 Vll,
942 4297 971 4353 3,
998 4294 1045 4339 2³:
1083 4288 1159 4351 Quod
1183 4303 1269 4356 genno

97 4366 205 4433 gseds'is
221 4372 302 4433 atprse
323 4364 485 4416 carminibus
501 4378 554 4412 nors
572 4378 591 4413 a
610 4377 657 4413 oe·
707 4359 923 4429 (scommatum)
937 4364 1036 4411 veteres
1052 4355 1093 4407 ita
1108 4354 1270 4407 ludicram

97 4432 180 4482 ritate
194 4432 272 4483 modo
287 4432 333 4485 ssd
349 4433 430 4487 stiam
445 4446 464 4482 a
479 4432 569 4493 forma
585 4429 659 4483 aeri·
707 4446 770 4481 non
785 4432 960 4496 pntarnnt,
978 4432 1009 4477 nt
1025 4430 1051 4475 st
1065 4422 1219 4475 Aristoteles
1236 4423 1270 4476 de

98 4497 166 4553 tatis
182 4506 290 4550 remota.
708 4498 776 4566 ipsis
793 4496 888 4561 alipna
904 4491 1099 4560 conscripserit,
1118 4498 1144 4545 et
1160 4491 1271 4547 Plator-

133 4563 178 4617 oet
195 4565 335 4632 Apuleium
350 4579 547 4633 amaampaass
564 4562 660 4627 lnsime
710 4565 775 4619 cbns
792 4571 817 4633 et
834 4570 919 4618 aester
940 4560 1106 4631 Apateins.
