2950 4992
164 168 222 237 DE
244 167 350 235 DlFF.
371 166 427 233 ΕΤ
449 164 537 233 SOC.
559 164 715 235 GRAECI
736 166 868 246 bauo.
887 167 1023 235 vuum.
1066 168 1149 235 XIV.
1194 160 1258 234 253

115 338 225 403 rimam
245 335 312 403 eius
333 334 458 425 literam¹
473 333 652 401 familiarem
673 334 791 433 primae
811 334 957 421 positioni
977 336 1088 418 fuisse,
1113 341 1257 424 χρυσοῖς,

92 360 255 509 ἐχρόσουν
277 416 447 505 expones.-
479 420 522 485 ibi
544 420 655 485 transit
672 442 705 484 m
725 422 782 484 ΕΙ
797 419 852 485 ubi
869 423 957 485 ΕΙΣ
975 424 1090 506 primae
1112 424 1256 508 positioni

92 507 235 573 meminit
255 505 436 590 contigisse,
469 508 594 585 καλειῒς,
621 500 760 570 ἐκάλουν
786 500 917 581 ἐκάλεις.
959 506 996 570 In
1019 507 1306 584 omnibusrer013

91 592 320 659 diversitatibus
340 588 488 655 detractio
511 589 610 655 finalis
632 590 737 655 literae
760 611 937 676 personam,
961 597 998 654 nt
1019 588 1166 668 diximus,
1194 601 1255 659 ter·

92 680 167 743 tiam
189 677 274 755 facit,
319 672 437 750 ἐποίεις
458 671 574 754 ἐποίει,
612 670 707 758 ἐβόας
727 672 820 759 ἐβόα,
856 670 1051 761 ἐκεραάνους
1069 671 1256 760 ἐκεραόνου,

92 760 197 845 ἐλεγες
218 758 319 843 ἔλεγε,
349 756 460 844 ἔφερες
482 756 585 845 ἐφερε.
628 762 677 825 Ex
696 759 756 825 hoc
777 768 918 847 apparet,
945 760 1027 847 quod
1048 760 1080 824 in
1100 756 1207 843 ἔλεγεν
1226 771 1258 827 et

92 846 210 933 ἔφερεν
230 847 268 910 Ν
283 865 506 929 supervacuum
527 852 588 923 est,
625 852 657 911 et
677 844 831 931 integrum
853 853 901 911 est
920 840 1006 929 ἔλεγε
1026 841 1136 931 ἐφερε,
1195 846 1258 911 υοδ

91 934 202 999 asserit
223 938 254 995 et
272 929 477 1016 apostrophus
499 951 578 1016 quaa
600 929 672 996 facit
690 927 770 1013 ἔλεγ’
789 926 896 1016 ἐφερ’.·
933 930 1056 1018 quando
1076 932 1158 996 enim
1174 867 1258 997 llaec

90 1022 307 1103 usurparetur,
345 1014 371 1079 si
399 1016 439 1079 N
467 1014 647 1080 naturaliter
678 1015 873 1093 adhaereret,
912 1036 982 1082 cum
1016 1017 1092 1083 duas
1130 1015 1307 1109 liberasum]

93 1122 262 1187 numquam
293 1098 481 1184 nostropho
516 1100 605 1165 liceat
640 1099 785 1165 excludit
825 1100 944 1166 Indicio
980 1109 1028 1166 est
1057 1102 1257 1189 imperativus
1267 1110 1307 1175 14

93 1188 181 1253 cuius
203 1205 296 1263 secun
318 1206 336 1249 a
358 1205 489 1269 persona
513 1184 683 1271 praesentis
706 1206 830 1271 semper
850 1184 889 1251 de
915 1185 1006 1250 tertis
1027 1186 1186 1270 inperfecti
1211 1187 1256 1252 in·

92 1270 215 1337 dicativi
237 1270 373 1335 nascitur
396 1270 507 1335 amissa
525 1270 557 1334 in
582 1270 680 1353 capite
701 1271 749 1336 rel
771 1269 886 1357 syllaba
908 1269 956 1335 vel
976 1278 1130 1356 ternpore:
1152 1268 1259 1337 ἐκάλει

90 1352 197 1435 κάλει,
220 1351 311 1437 ἐτίμα
332 1353 426 1437 τίμα,
453 1351 569 1439 ἐδήλου
591 1352 707 1439 δήλου,
730 1345 788 1439 ἦγε
807 1350 883 1437 itys:
902 1376 992 1439 ergo,
1012 1354 1038 1419 si
1058 1355 1258 1441 imperativus

92 1437 183 1524 λε’γε,
204 1440 246 1505 ibi
269 1440 334 1504 sine
356 1438 450 1505 dubio
472 1436 573 1523 ἐλεγε,
595 1461 658 1505 non
680 1437 795 1523 ἔλεγεν.
839 1438 901 1505 Sed
923 1442 956 1504 E
976 1440 1064 1505 litera
1085 1461 1177 1526 saepe
1199 1440 1256 1506 sihi
1268 1448 1306 1512 15

91 1522 130 1590 τό
150 1527 190 1590 Ν
204 1523 392 1589 familiariter
411 1524 546 1591 adhibet
588 1526 695 1590 Testes
714 1524 808 1591 huius
829 1526 873 1590 rei
896 1525 1043 1605 Αἰολεῖς,
1075 1526 1157 1612 apud
1178 1546 1257 1612 quos

91 1607 253 1694 λεγόμεδα
273 1631 314 1694 φε
336 1604 441 1693 όμεδα
462 1618 494 1676 et
512 1609 622 1675 similia
642 1609 732 1676 finale
757 1604 850 1694 άλφα
874 1610 907 1675 in
926 1612 960 1674 Ε
979 1618 1101 1676 mutant
1126 1618 1159 1676 et
1184 1632 1258 1676 mox

93 1700 125 1759 Ε
145 1696 273 1762 advocat
294 1632 353 1762 sili
374 1690 411 1760 τὸ
433 1697 474 1759 Ν
488 1703 519 1761 et
540 1695 575 1760 fit
596 1695 694 1781 prima
715 1714 846 1781 persona
870 1690 1044 1777 λεγόμεδεν
1065 1691 1257 1781 φερόμεδεν.

94 1782 208 1847 Contra
230 1780 255 1845 si
281 1779 404 1865 quando
426 1784 459 1843 E
478 1780 510 1845 in
535 1775 625 1865 άλφα
647 1788 797 1860 mutatur,
833 1781 875 1843 N
896 1779 968 1846 inde
996 1780 1139 1860 discedit,
1178 1780 1258 1847 sicut

93 1870 232 1950 Δωριεῖς
250 1861 287 1928 τό
308 1861 455 1946 πρόσδεν
475 1860 608 1950 πρόσδα
630 1865 736 1931 dicunt
762 1863 820 1929 καί
837 1860 875 1929 τό
896 1861 993 1930 ἐνδεν
1010 1863 1109 1932 totta:
1149 1867 1203 1932 sed
1225 1874 1257 1931 ct

82 1947 194 2027 Ἴωνες
214 1971 283 2055 cum
306 1945 399 2035 ᾔδειν
425 1946 502 2036 ᾔδεα
527 1948 644 2015 faciunt
671 1946 818 2035 ἑστήκειν
843 1946 989 2034 ἐστήκεα,
1029 1952 1070 2015 Ν
1085 1951 1257 2037 repudiant,

93 2057 133 2101 ne
161 2038 346 2119 ουοιαλφα
372 2035 525 2120 iungatur.
566 2036 615 2101 Ex
645 2034 693 2099 his
718 2035 862 2100 omnibus
892 2034 980 2101 facile
1011 2032 1165 2121 colligitur
1194 2036 1307 2108 suf-16

93 2122 184 2187 ficere
203 2119 311 2185 tertiae
333 2140 481 2205 personae
501 2119 540 2186 de
561 2118 693 2185 secunda
715 2118 886 2199 faciendae,
906 2120 932 2186 si
952 2124 1052 2203 σίγμα
1073 2121 1258 2201 retrahatur,

92 2207 175 2294 quod
198 2204 348 2291 incapite
371 2204 480 2271 Graeci
507 2204 697 2292 pronominis
724 2226 815 2292 saepe
840 2206 1005 2290 contingit,
1044 2201 1142 2269 σέθεν
1169 2204 1257 2285 ἕθεν,

92 2290 145 2357 σοί
170 2284 211 2355 ol.
256 2290 366 2357 Graeci
391 2292 521 2377 primam
550 2290 699 2375 pluralem
729 2292 951 2376 παρατατικοῦ
977 2288 1093 2354 faciunt
1120 2290 1305 2376 interpell

91 2385 201 2443 nentes
221 2379 294 2441 ΜΕ
311 2384 382 2441 ante
404 2378 444 2441 N
457 2375 579 2441 finalem
599 2376 716 2461 primae
738 2374 917 2460 singularis,
955 2370 1073 2438 ἐνόουν
1092 2369 1257 2457 ἐννοοῦμεν,

92 2458 204 2546 ἐνάρων
225 2458 390 2547 ἑωρῶμεν,
414 2456 598 2544 ἐφανέρουν
622 2456 859 2542 ἐφανεροῦμεν,
889 2455 999 2540 ἔλεγον
1021 2452 1188 2540 ἐλέγομενε
1225 2469 1258 2525 ct

92 2545 224 2612 secunda
247 2547 307 2610 illis
327 2545 454 2630 pluralis
475 2543 607 2607 eflicitur
628 2541 731 2607 addita
758 2546 819 2606 ΤΕ
835 2542 944 2608 tertiae
964 2541 1126 2626 singulari,
1156 2540 1258 2608 ἐποίει

93 2628 242 2707 ἐποιεῖτε,
277 2625 369 2710 ἐτίμα
388 2626 528 2710 ἐτιμᾶτε,
557 2626 653 2711 ίδρου
676 2626 820 2710 ίδροῦτε,
854 2624 939 2709 ἔλεγε
960 2623 1097 2709 ἐλέγετεε
1132 2649 1170 2693 ex
1193 2650 1255 2716 quo

93 2715 205 2781 iterum
232 2714 272 2777 N
292 2710 381 2777 litera
403 2713 598 2798 'supervacua
634 2709 791 2797 probatur.
840 2712 943 2777 Tertia
971 2732 1044 2777 vero
1071 2712 1197 2797 pluralis
1222 2714 1306 2787 in18

92 2800 152 2865 hoc
170 2806 310 2883 tempore
332 2817 454 2883 semper
473 2796 579 2861 eadem
600 2804 648 2861 est
673 2796 791 2883 primae
812 2795 974 2882 singulari,
1015 2792 1157 2880 ἐγάμουν
1183 2795 1255 2882 ἐγὼ,

93 2880 236 2967 ἐγάμουν
258 2878 394 2947 ἐκείνοις
411 2881 455 2947 sic
475 2878 604 2964 ἐτίμων,
626 2881 670 2947 sic
690 2877 900 2967 ἐστεφάνουν,
921 2884 965 2948 sic
986 2878 1123 2967 ἔτρεχον.
1165 2884 1255 2951 Ιίοδο

92 2972 233 3053 Δωριεῖς
254 2966 286 3033 in
308 2966 367 3032 illis
387 2966 488 3033 verbis
510 2986 590 3053 quae
611 2965 643 3031 in
669 2968 740 3031 ΟΝ
755 2968 882 3032 mittunt
902 2969 1091 3053 parataticon
1111 2974 1143 3034 et
1163 2989 1255 3056 prop·

93 3063 141 3121 ter
167 3050 470 3137 βραχυκαταληξίαν
496 3052 586 3117 tertia
612 3072 630 3116 a
660 3051 721 3117 fine
774 3052 914 3118 atiuntur
942 3061 1100 3119 accentum
1131 3054 1254 3119 tertiam

92 3138 213 3205 numeri
241 3137 367 3223 pluralis
395 3136 585 3203 discretionis
616 3136 713 3223 gratia
743 3074 1000 3223 ἐαρτπονοῦοινε
1037 3134 1166 3223 ἐτρεχον
1191 3134 1255 3221 ἐγὼ

91 3217 399 3310 προπαροξυτόνως,
438 3219 566 3308 ἐτρεχον
592 3220 711 3287 ἐκεῖνοι
736 3218 932 3308 βαρυτόνως.
992 3223 1096 3289 Primo
1124 3230 1304 3309 personali)

91 3310 278 3398 paracimeni
296 3329 417 3396 semper
435 3308 467 3372 in
486 3311 517 3371 A
536 3308 728 3386 terminatur,
750 3308 838 3373 etde
858 3307 915 3373 hac
934 3316 1054 3374 ceterae
1073 3307 1140 3374 sine
1160 3330 1179 3373 ο
1201 3327 1304 3398 e·[am]

92 3416 162 3461 rosa
183 3394 361 3462 circuitione
383 3401 559 3459 nascuntur.
601 3397 736 3480 Accepto
761 3394 845 3459 enim
869 3397 968 3477 σῖγμα
988 3392 1061 3459 facit
1079 3330 1254 3475 secundam,

1000 3546 1084 3609 [Edd.
1104 3547 1186 3613 pdsb.

90 3629 196 3682 EddP.
349 3632 390 3681 12.
426 3626 546 3684 transiit
565 3628 597 3679 Ρ.
749 3632 789 3681 13.
824 3630 875 3682 bis
899 3630 1097 3683 diversitatibus
1125 3630 1194 3683 Edd.
1220 3660 1252 3672 -

91 3714 129 3750 es
148 3698 284 3765 integram
308 3695 341 3748 P·
493 3699 535 3750 14.
569 3684 622 3763 ἦγε
643 3689 700 3763 άγε
729 3696 833 3765 scripsi
854 3715 871 3750 ο
892 3697 963 3751 coni.
997 3698 1039 3749 Cf.
1064 3716 1087 3750 e.
1116 3702 1164 3761 16,
1194 3700 1255 3765 §tt

90 3758 233 3883 ἐίέἐλά
250 3762 1175 3887 ἐίκέἐίῗίιῖιάάέἐίέήμῑῗὸἐέπάλίίέἐιέἐέἐίἶ
1191 3766 1256 3817 m.

92 3902 134 3952 11.
173 3900 259 3951 tertia
282 3898 418 3967 singulari
442 3899 474 3949 P.
627 3864 669 3950 18.
701 3896 964 3967 βραγνιιατοληξίαν
991 3902 1054 3953 dab.
1089 3872 1256 3953 Emendavit

89 3966 387 4020 Zenon-testimo
398 3964 575 4033 fincffddd'.
611 3966 695 4017 Zcun.
715 3966 786 4017 coni.
804 3968 837 4019 iss
854 3969 942 4021 tertia.
1096 3971 1137 4020 lc.
1170 3984 1255 4036 para-

89 4034 177 4089 eimei
195 4033 228 4086 P·
260 4034 454 4101 paraccimeni
471 4033 532 4100 pda.
570 4034 756 4101 parsccimcs‘
776 4035 803 4085 b.

126 4171 167 4220 1³.
202 4176 326 4287 apparet,
348 4164 428 4237 γοοδ]
448 4166 510 4221 Vid.
533 4171 589 4220 not.
613 4166 648 4219 ad
699 4166 712 4231 ς
739 4170 860 4251 20δῇ3.
895 4167 1011 4221 Poterat
1040 4166 1126 4222 etism
1156 4168 1256 4223 all'errl

90 4234 195 4287 comm.
231 4241 298 4303 ,la‚
319 4240 359 4289 18.
698 4230 904 4299 musmonem.

3 4352 11 4361 ,
126 4303 159 4353 Ν
171 4320 360 4372 superuacuam
378 4303 426 4370 ast]
444 4302 525 4355 Hanc
538 4306 650 4355 senten·
735 4306 775 4355 18.
808 4300 1074 4371 βραγυιιαταληξίαν]
1095 4303 1163 4369 „Sic
1185 4303 1257 4355 dici-

90 4368 161 4421 tism
192 4372 326 4426 refutavit
352 4372 540 4424 Buttmannus
570 4370 649 4421 Ausf.
698 4374 745 4421 tur
767 4370 847 4422 serbi
869 4369 983 4423 affectio
1005 4385 1037 4422 ea
1062 4387 1117 4437 quo
1144 4372 1173 4425 in
1200 4371 1257 4425 fine

89 4437 141 4489 Gr.
159 4436 173 4501 ἕ
191 4440 234 4487 26.
698 4442 742 4490 ast
758 4438 871 4507 syllaba
886 4437 1011 4490 brevis.“
1033 4438 1120 4492 Zuurs.

126 4507 168 4556 15.
184 4497 650 4624 tsydpsasapuaneformamcom-
735 4508 776 4557 19.
818 4505 910 4557 Primo
942 4522 1056 4575 persono
1091 4508 1257 4578 paracimeni

86 4576 229 4627 memorat
253 4572 326 4625 blstt
349 4572 393 4625 tas
420 4572 498 4628 Ausi.
525 4572 575 4625 tir.
599 4571 648 4625 Gr.
699 4571 763 4641 ete]
781 4570 825 4627 ct.
843 4589 868 4626 e.
884 4576 910 4627 a.
