2950 4992
200 156 245 223 at
685 151 893 222 MACROBII

288 322 342 389 ΠΙ.
384 323 441 390 His
460 322 651 409 praelibatis,
672 317 837 410 antequam
860 323 926 409 ipsa
946 318 1057 386 somnii
1080 319 1171 387 verba
1191 326 1367 398 tractemus,

148 454 152 460 -
202 408 289 493 prius
316 416 393 494 quot
417 409 590 475 somniandi
616 409 725 474 modos
754 408 927 475 observatio
949 404 1199 491 deprehenderit,
1234 428 1302 470 cum
1329 407 1367 471 li·

203 493 334 557 centiam
363 494 545 578 ligurarum,
577 514 656 579 quae
682 495 795 578 passim
824 491 1051 578 quiescentibus
1078 490 1275 575 ingeruntur,
1308 490 1366 555 sub

203 576 412 642 definitionem
439 600 475 644 ae
501 579 639 663 regulam
664 586 800 645 vetustas
824 578 974 654 mitteret,
1004 575 1220 652 edisseramus,
1254 583 1291 639 ut
1316 575 1367 639 cui

203 681 311 725 eorum
341 664 447 745 generi
473 664 628 728 somnium
654 682 717 745 quo
750 662 789 726 de
815 662 934 745 agimus
969 660 1180 745 applicandum
1209 657 1250 723 sit
1277 658 1367 723 inno-

172 747 306 810 Bteseat
355 745 505 812 Omnium
529 766 609 829 quae
636 745 739 808 videre
765 744 822 808 sibi
851 745 1038 809 dormientes
1062 744 1203 809 videntur
1227 742 1367 827 quinque

203 837 276 894 sunt
293 828 476 914 principales
492 836 524 892 et
542 826 734 891 diversitates
753 833 785 889 et
804 828 939 891 nomina.
994 832 1059 897 Aut
1076 828 1158 892 enim
1176 833 1223 891 est
1241 822 1369 911 ὄνειρος

203 913 372 978 seeundum
396 913 545 986 Graecos,
610 907 650 971 od
669 906 771 972 Latini
791 912 940 975 somnium
957 920 1083 976 vocant:
1111 918 1165 977 aut
1184 920 1231 976 est
1249 907 1368 995 ὅραμα,

204 996 288 1080 quod
305 996 382 1057 cusa
402 1002 483 1058 recte
504 992 689 1077 appelatur:
714 1000 769 1057 aut
790 999 836 1058 est
856 992 1090 1076 χρηματισμὸς,
1112 997 1195 1081 quod
1215 998 1369 1063 orandum

202 1084 412 1159 nuncupatur:
444 1085 499 1141 aut
520 1085 567 1141 est
591 1072 763 1156 ἐνύπνιον,
784 1077 867 1163 quod
887 1079 1069 1143 insomnium
1090 1080 1215 1145 dicitur:
1247 1089 1300 1148 aut
1321 1089 1369 1147 est

204 1156 394 1243 φάντασμα,
421 1162 505 1246 quod
526 1160 650 1240 Cicero,
675 1162 819 1247 quotiens
841 1181 918 1245 opus
941 1161 1000 1226 hoe
1022 1164 1147 1229 nominc
1168 1164 1241 1243 fuit,
1273 1168 1370 1231 visum

136 1289 138 1293 -
173 1244 331 1310 3voeavit
385 1245 499 1312 Ultima
519 1266 558 1311 er
584 1245 632 1310 his
652 1245 714 1311 duo
736 1266 807 1310 cum
827 1245 985 1323 videntur,
1013 1267 1085 1311 cura
1107 1249 1369 1333 interpretationis

203 1328 328 1412 indigna
349 1339 437 1409 sunt,
460 1330 533 1416 quia
553 1330 628 1395 nihil
651 1330 846 1395 divinationis
866 1329 1044 1413 adportant,
1073 1328 1229 1395 induviae
1249 1334 1317 1398 dico
1338 1340 1371 1398 et

174 1409 389 1497 dodonaeus.
445 1416 503 1481 Est
528 1417 611 1480 enim
639 1411 812 1494 ἐνύπνιον,
867 1413 988 1477 uotiens
1014 1433 1087 1476 eura
1108 1416 1246 1497 oppressi
1274 1418 1371 1482 animi

203 1499 379 1583 corporisve
398 1500 461 1565 sive
483 1499 640 1577 fortunae,
676 1499 776 1597 qualis
796 1434 971 1593 vigilantem
992 1495 1184 1592 fatigaverat,
1219 1500 1313 1564 talem
1336 1524 1370 1566 se

203 1582 236 1646 in
257 1583 317 1647 erit
335 1583 514 1649 dormienti:
541 1584 654 1661 animi,
676 1606 701 1649 sr
723 1590 842 1647 amator
862 1580 977 1645 delrcvis
1000 1601 1062 1644 sius
1082 1588 1135 1644 aut
1158 1578 1312 1645 fruentem
1335 1605 1370 1649 se
1414 1624 1420 1635 ,

203 1604 306 1731 videat
328 1676 383 1732 aut
403 1676 574 1747 carentem,
607 1670 633 1733 si
654 1675 797 1733 metuens
816 1666 885 1751 quis
906 1664 1116 1728 imminentem
1141 1663 1199 1727 sibi
1220 1666 1268 1728 vel
1293 1664 1369 1728 insi-

154 1750 268 1833 [1a]diis
288 1751 336 1814 vel
355 1758 507 1833 potestate
528 1772 691 1835 personam
719 1758 774 1817 aut
794 1748 958 1814 incurrisse
977 1747 1056 1811 hanc
1077 1768 1115 1811 er
1136 1748 1268 1829 imagine
1288 1749 1370 1830 eogi-

207 1832 360 1897 tationum
382 1854 508 1901 suarum
530 1843 585 1900 ant
606 1837 750 1919 effingisse
771 1834 926 1901 videatur:
959 1831 1110 1917 corporis,
1139 1829 1165 1895 si
1186 1838 1302 1897 temeto
1325 1831 1372 1895 in-

224 1991 226 1996 ·
270 1982 343 2035 Mes.
364 1984 635 2047 BFSPRHGBan
648 2012 664 2041 ο

271 2065 323 2117 111.
367 2071 453 2136 Caput
471 2070 524 2123 111.
562 2069 683 2133 Quinque
700 2083 757 2120 esse
772 2082 873 2137 genera
890 2066 1055 2128 sauciandis
1080 2072 1160 2132 atque
1178 2064 1307 2117 samnium
1324 2066 1374 2119 leae

206 2131 339 2199 Scipionis
353 2137 389 2187 ad
403 2137 492 2202 prima
506 2136 560 2189 tria
575 2150 675 2202 genera
690 2136 781 2185 detera
794 2136 897 2200 referri.
915 2134 992 2185 ch-h.
1146 2134 1170 2182 1.
1205 2135 1300 2184 samuii
1314 2135 1374 2199 ipsa

203 2200 284 2250 amia
300 2208 442 2255 tractemus
464 2204 514 2253 B2.
555 2202 615 2270 ipsa
631 2202 726 2253 samnii
744 2202 823 2252 aeria
845 2208 962 2254 tractem
987 2199 1040 2250 Ha.
1079 2197 1140 2265 ipsa
1158 2202 1375 2252 consulamus

153 2288 156 2292 ’
202 2267 282 2317 aeria
299 2271 395 2321 somnii
415 2270 510 2331 „liber
526 2269 667 2335 optimus“
687 2267 785 2320 Barth.
802 2269 916 2319 Advers.
933 2271 982 2331 39,
1007 2268 1046 2316 12.
1064 2292 1098 2303 -
1123 2267 1269 2317 alienatio
1285 2275 1373 2319 sete-

202 2349 271 2384 rum
289 2336 488 2402 deprehenderit
505 2354 562 2388 eam
580 2336 710 2387 licentias
720 2338 877 2403 figurarum
895 2351 918 2401 q.
938 2351 965 2401 p.
984 2349 1009 2398 q.
1026 2333 1085 2400 ing.
1103 2334 1150 2383 sui
1166 2333 1220 2397 def.
1238 2350 1270 2383 ac
1288 2349 1373 2401 regu-

139 2409 143 2416 ’
202 2402 258 2452 lam
279 2404 394 2466 mitteret
416 2403 531 2468 „scribe
553 2402 723 2454 membranis
745 2401 937 2454 auctoribus.“
961 2400 1046 2451 Grau.
1067 2423 1101 2436 -
1122 2399 1235 2449 lieentia
1257 2400 1372 2453 Bfflaa.

203 2468 307 2518 112-
324 2488 357 2522 se
374 2472 517 2541 ingerunt
533 2471 627 2534 „lilrer
643 2470 785 2537 optimus“
801 2469 899 2520 Barth.
918 2469 939 2518 l.
957 2484 980 2517 e.
1000 2490 1033 2503 -
1050 2466 1251 2531 diffinitionem
1268 2465 1374 2518 BSRIB

204 2534 238 2585 G.
275 2536 471 2596 defensionem
490 2538 543 2589 Hs.
565 2565 593 2575 -
618 2545 647 2588 et
665 2538 789 2605 regulam
809 2536 906 2602 viehg.
929 2562 957 2572 -
1007 2533 1078 2583 eneri
1096 2533 1285 2584 somniandi
1302 2550 1373 2585 som-

203 2602 277 2653 nium
296 2603 347 2657 Bl.
374 2634 402 2644 -
425 2608 459 2658 de
474 2624 526 2673 quo
544 2604 730 2655 ars-uranu.
752 2602 826 2668 „dua
844 2600 1039 2667 antiquissima
1060 2596 1250 2666 exemplatum
1272 2601 1373 2653 Barth.

203 2668 224 2718 l·
244 2684 268 2718 c·
418 2676 444 2723 2.
477 2672 639 2739 principales
658 2672 727 2735 (om.
746 2672 785 2733 et)
802 2668 897 2737 viehg.
930 2667 1167 2736 prineipalitates
1184 2676 1209 2718 et
1224 2664 1318 2719 rann.
1337 2695 1373 2708 --

204 2726 300 2797 daupei
317 2735 386 2801 (om.
404 2740 456 2800 est)
476 2755 543 2788 vus
582 2746 621 2789 est
639 2736 770 2788 OPAMA
791 2738 865 2802 (sup.
884 2736 920 2802 ω)
939 2735 987 2786 Ρ4.
1025 2740 1064 2785 est
1083 2730 1221 2784 ΟΡΩΜΑ
1238 2734 1374 2787 1111111211

204 2798 277 2850 Base.
311 2809 351 2852 est
369 2801 506 2855 OPOMA
549 2839 556 2854 .
591 2798 688 2867 ὄωμα
706 2804 777 2868 (om.
795 2806 847 2865 est)
868 2802 887 2853 i.
910 2830 945 2840 -
966 2794 1151 2867 χρηματισμὸς
1169 2800 1238 2865 (om.
1259 2804 1311 2863 est)
1331 2802 1372 2851 Bt

203 2881 266 2932 v-g.
313 2876 352 2919 est
380 2869 602 2920 ΡΗΜΑΘΙΣΜ
629 2869 658 2919 Σ
678 2868 708 2919 B.
755 2876 793 2919 est
811 2880 998 2935 κρημοτισμως
1022 2867 1092 2917 un.
1137 2875 1175 2919 est
1200 2867 1376 2919 ΧΡΗΜΩΣ

204 2936 280 2998 (sup.
299 2935 567 2998 assuetumque.
587 2962 616 2973 -
640 2934 738 2999 Cicero]
759 2933 801 2985 Gi.
821 2935 953 2993 doadi,
973 2938 1018 2997 11,
1036 2935 1071 2984 40
1089 2936 1118 2983 et
1134 2934 1176 2984 41.
1211 2933 1254 2997 11,
1273 2939 1303 2997 6,
1324 2940 1372 2999 18;

205 3002 252 3062 11,
271 3001 305 3049 83
323 3018 416 3081 peqq.;
439 3000 570 3067 inprimis
590 3004 637 3062 la,
654 3004 703 3063 513
730 3002 779 3080 24,
798 3006 840 3053 88.
876 3000 962 3052 Tusa.
981 3002 1076 3081 ¹⁹.4¹⁹
1094 3004 1136 3051 91.
1157 3000 1253 3081 -Jsoc
1268 3003 1374 3055 aomina

119 3136 136 3197 ξ
203 3070 454 3193 topmbriiriisdissil.
495 3132 556 3185 EN
559 3068 646 3184 imi
646 3083 729 3183 iiie}
743 3067 1008 3200 apqtsp-qpppep
1010 3068 1158 3202 cqeplptup
1167 3083 1233 3185 qul
1255 3133 1373 3199 eorporis

202 3196 300 3264 viehg.
320 3228 352 3237 -
375 3200 540 3252 dormientis
557 3201 649 3251 auimo
666 3200 729 3261 „lte
749 3200 846 3252 libri.“
863 3200 960 3253 Barth.
980 3193 1007 3251 l'.⁸
1018 3216 1041 3252 e.
1083 3201 1175 3264 „Mihi
1190 3200 1261 3266 quod
1280 3200 1374 3253 editus·

202 3265 379 3332 praevalet.“
395 3268 475 3320 Paul.
492 3292 526 3305 -
544 3274 580 3319 at
595 3268 619 3319 si
635 3274 739 3318 amator
754 3267 805 3318 Bt.
840 3269 864 3320 si
881 3270 1021 3319 alterum
1040 3268 1118 3328 (add.
1134 3284 1151 3320 a
1168 3285 1225 3319 sec.
1240 3284 1276 3318 m.
1294 3285 1374 3320 ama-

201 3337 257 3393 tor]
277 3330 358 3385 1.-
379 3336 471 3387 uideat
487 3334 565 3398 (edd.
585 3350 674 3386 asca.
695 3350 730 3387 m.
749 3336 790 3399 se)
808 3334 840 3385 F.
858 3362 892 3373 -
910 3336 935 3387 si
951 3343 1069 3385 metuens
1086 3336 1163 3402 (sup.
1183 3336 1252 3400 siae)
1270 3335 1321 3387 Bt.
1340 3362 1375 3373 ·-

202 3401 308 3452 insidiis
324 3402 512 3470 estpotestate
528 3408 597 3460 (orn.
613 3402 707 3467 priore
723 3404 779 3461 ael)
804 3419 829 3453 v.
868 3403 912 3453 ael
934 3403 1040 3453 insidiis
1059 3402 1100 3453 ael
1123 3419 1180 3470 pro
1196 3408 1329 3483 potestate
1349 3401 1374 3452 F

203 3467 385 3519 annuemus
399 3470 461 3537 (pro
476 3470 532 3521 del.
546 3469 614 3533 Hi).
650 3470 712 3533 „ael
726 3470 832 3521 insidiis
844 3485 901 3536 pro
913 3476 1043 3536 potestate
1058 3468 1132 3529 „Mn
1146 3474 1276 3536 optumus.
1295 3468 1375 3536 hago

201 3549 304 3598 prose
321 3540 480 3601 potestate.“
501 3536 601 3589 Barth.
622 3534 642 3586 l.
660 3552 683 3587 c.
706 3562 739 3573 -
762 3552 794 3589 ea
810 3536 1037 3606 imaginatione
1059 3535 1129 3589 Bisa.
1154 3562 1183 3574 -
1210 3535 1376 3606 diffugisse

237 3680 296 3745 111,
324 3685 350 3733 2.
384 3685 498 3751 quinque
522 3691 583 3737 mint
603 3685 766 3752 principales
815 3686 922 3751 quaudo
939 3686 1113 3748 revelatione,
1133 3686 1280 3752 aliquando
1297 3688 1375 3755 eagi-

202 3754 229 3799 et
249 3750 415 3809 diversitates
436 3759 462 3802 et
480 3752 600 3815 nomina]
629 3751 765 3803 Barthius
814 3754 914 3805 tatione
932 3754 1010 3805 simul
1026 3762 1051 3805 et
1067 3754 1227 3806 revelatione
1241 3770 1377 3823 generau-

201 3815 316 3867 Advers.
330 3816 457 3877 xxxix,
470 3820 512 3867 12.
528 3818 702 3868 Macrobiurn
717 3834 765 3867 re·
815 3827 866 3871 tur.

201 3884 361 3949 prehendit,
378 3884 451 3949 quod
465 3900 514 3934 eas
530 3889 638 3934 tantum
654 3881 765 3949 speeies
848 3888 873 3936 4.
909 3885 1001 3953 anime]
1030 3878 1179 3950 ,Juvenum
1198 3900 1250 3951 par
1269 3885 1377 3937 deseri-

202 3951 337 4013 nominct,
358 3966 428 4016 quae
443 3954 473 4001 in
491 3949 635 4015 Scipionis
655 3950 765 4002 somnio
813 3951 872 4019 psit
894 3954 1042 4019 eleganter
1058 3952 1206 4003 Petronius
1228 3949 1331 4021 [Satyr.
1352 3970 1377 4005 e.

201 4018 379 4084 reperientur
397 4023 425 4068 et
442 4018 477 4069 ad
493 4034 577 4067 uuum
597 4016 669 4068 illud
690 4017 766 4068 refe·
815 4018 893 4083 104],
925 4019 974 4070 ubi
1003 4024 1031 4070 el
1057 4018 1085 4069 id
1113 4020 1148 4069 ab
1174 4019 1288 4069 oraculo
1315 4018 1377 4072 siva

202 4091 309 4136 rantur.
345 4084 376 4135 ln
395 4085 766 4143 B2aduotaturzAliomo-
814 4086 1003 4151 χρηματισμοῦ
1040 4084 1246 4136 discriminata
1287 4086 1376 4139 Paua.
1459 4127 1460 4131 ,

203 4153 237 4204 da
265 4153 411 4221 Gregorius
434 4153 532 4203 dividit
552 4152 670 4212 semuia3
701 4151 766 4202 dicit
816 4152 896 4201 Corvi.
918 4153 1028 4203 haeret·
1047 4153 1093 4213 lV,
1113 4156 1164 4202 959
1182 4168 1258 4218 seqq.

203 4220 288 4268 euim.-
325 4221 378 4270 Sesc
400 4220 486 4270 modis
507 4227 627 4287 tangant
647 4219 766 4269 animiam
849 4218 973 4283 corporis]
992 4218 1146 4284 „Apuleius
1159 4218 1378 4285 tietmarum.

203 4286 338 4352 imagines
354 4288 521 4338 somniorum.
552 4287 706 4353 Aliquando
723 4302 766 4338 so·
817 4301 841 4335 c.
860 4284 901 4350 le]
923 4285 1087 4337 Naemerito
1099 4287 1207 4352 iuquam
1226 4286 1315 4350 [Hild.
1334 4288 1378 4337 in-

203 4352 278 4401 muia
300 4354 400 4403 ventris
420 4354 586 4419 plenitudiue
610 4354 652 4404 ael
673 4353 765 4403 inani·
816 4368 897 4416 quam
918 4351 1056 4417 immerito]
1087 4354 1184 4404 medici
1203 4354 1259 4419 fidi
1286 4352 1378 4419 [Hild.

203 4423 275 4477 tate,
300 4418 446 4484 aliquando
465 4420 602 4482 illusione,
620 4418 767 4486 aliquanda
815 4418 910 4468 medici
924 4419 990 4469 sciti.
1025 4417 1105 4469 Pont.
1122 4418 1196 4471 infra
1211 4419 1297 4471 affert
1311 4437 1379 4471 con-

204 4483 369 4549 eogitatioae
390 4486 470 4535 simul
491 4494 517 4539 et
540 4486 676 4551 illusione,
711 4485 766 4537 ali·
812 4482 982 4555 ieetlaipsii
998 4478 1137 4552 medieifi'ci
1150 4486 1196 4539 vel
1211 4487 1377 4555 medieifiees‚
