2950 4992
227 164 293 235 208
711 156 922 225 usuuoeu
964 212 970 219 .

179 338 395 407 lllPonuntur
414 338 447 398 et
467 348 524 431 pro
545 326 673 415 gerundi
700 328 803 394 modo.
845 328 955 395 Cicera
977 349 1035 414 pro
1056 326 1204 407 Quintio:
1240 327 1436 393 &nardium

231 594 273 659 Et
294 592 383 657 alitor
403 587 567 655 Terentius
587 586 620 651 in
641 588 775 673 Hecyra:
814 586 846 651 It
863 587 905 651 ad
927 608 993 651 eam
1012 588 1123 662 νιζπσι,
1161 605 1218 669 pro
1241 586 1429 660 aridarum,

231 687 276 744 et:
320 677 446 743 Cartare
469 696 562 761 pares
589 684 616 737 et
642 673 822 760 resporrdere
845 676 965 759 parati,
1023 692 1058 736 ru
1089 672 1131 735 ad
1155 671 1429 757 respondendum

181 765 396 833 annonantur
423 767 455 826 et
482 780 539 845 pro
567 758 728 845 participio
754 757 933 844 praesentis.
1009 778 1080 823 arro
1107 758 1139 821 in
1168 756 1341 822 Scaevola:
1386 759 1429 821 Et

231 862 266 915 nt
291 860 414 914 ποσσινι
440 846 548 909 andivi
572 844 678 910 dacae
721 844 831 909 Cicero
857 844 889 908 in
918 844 1063 909 Verrem:
1103 844 1320 908 Charidemum
1350 865 1428 907 cren

231 935 430 1001 testimoniam
518 930 616 995 dicere
636 930 777 1006 nudetis,
804 950 862 1015 pro
881 930 1031 994 decernam
1073 930 1156 993 Eunt
1176 949 1259 993 nunc
1284 928 1348 1013 qui
1375 928 1426 991 in-

233 1020 321 1087 linilo
350 1015 576 1083 calumniantur
603 1023 636 1080 et
660 1015 791 1081 verbum
819 1036 882 1080 non
910 1036 978 1079 esse
1007 1014 1208 1092 contendant,
1247 1034 1326 1078 curn
1363 1035 1424 1100 pro

233 1104 378 1173 omnibus
399 1101 463 1167 lere
483 1100 569 1168 verbi
592 1100 690 1167 modis
712 1101 860 1185 probetur
878 1099 1026 1165 adhiberi.
1150 1102 1153 1109 '

594 1186 667 1253 XX.
711 1186 759 1253 Dc
786 1186 1042 1271 inpersonelibun

319 1272 399 1339 Sunt
422 1272 627 1358 inpersonalia
656 1270 782 1338 Graecia
806 1271 984 1357 Latinisque
1009 1269 1202 1336 communia:
1238 1274 1319 1333 sunt
1347 1275 1421 1334 tan·

232 1367 300 1427 tum
322 1378 465 1425 concessa
485 1356 652 1423 Latinitati.
694 1358 787 1423 Decet
805 1380 852 1422 me
875 1367 918 1437 (te
935 1358 1020 1421 rilem
1038 1355 1282 1431 corcordiae),
1307 1354 1419 1438 inper-

233 1444 339 1511 oonale
365 1452 427 1510 cst:
466 1442 519 1507 sed
543 1449 575 1507 et
596 1442 705 1509 Graeci
729 1442 789 1508 hoc
813 1443 910 1509 verbo
932 1443 1074 1507 similiter
1101 1448 1248 1514 utuntur,
1291 1437 1418 1523 πρέπει

234 1529 307 1615 ἐμοὶ
334 1528 402 1610 (σοὶ
432 1526 544 1615 ἐκείνῳ
570 1521 650 1612 ἡμῖν
675 1522 757 1611 ὑμῖν
779 1525 938 1605 ἐκείνοις).
982 1529 1050 1593 Hoc
1075 1534 1178 1591 autern
1208 1526 1416 1610 inpersonale

234 1618 370 1683 nescitur
389 1636 407 1681 a
428 1615 523 1681 verbo
544 1614 629 1681 decen
649 1614 730 1680 decer
751 1616 831 1679 decet
848 1614 1000 1679 'decemnr
1020 1614 1126 1678 decern
1144 1611 1273 1687 decad,
1293 1608 1415 1694 πρέπιι

233 1699 366 1789 πρέπεις
386 1696 501 1784 πρέπει
520 1696 685 1785 πρέπομεν
704 1696 839 1783 motam
855 1696 1045 1783 πρέπουσιν.
1088 1699 1201 1763 Decem
1217 1697 1344 1761 ἄνιπποι
1365 1721 1414 1762 co-

203 1788 368 1865 alumnae,
404 1782 587 1869 πρέπουσιν
606 1788 647 1871 τῇ
673 1786 762 1873 οἰκίᾳ
786 1786 821 1849 oi
839 1786 955 1862 κίονες.
999 1786 1100 1851 Placet
1123 1785 1201 1848 arilti
1226 1784 1314 1847 lectio
1343 1805 1413 1849 ver·

235 1877 309 1940 bum
330 1880 387 1949 est,
404 1872 504 1957 placet
522 1872 599 1937 milri
615 1874 708 1957 leqere
728 1871 923 1957 inpersonale
945 1881 1000 1936 est
1042 1872 1089 1934 lta
1110 1877 1142 1934 ct
1165 1868 1248 1956 apud
1269 1867 1412 1934 Graecos

235 1954 365 2041 ἀρέσκει
383 1978 439 2037 μοι
459 1950 480 2038 ἡ
504 1953 687 2039 ἀνάγνωσις
707 1958 745 2023 ad
770 1978 932 2042 personam
953 1956 1084 2021 relatum
1104 1963 1165 2032 cst,
1201 1949 1332 2038 ἀρέσκει
1355 1978 1413 2037 μοι

235 2036 492 2125 ἀναγιγνώσκειν
518 2042 712 2125 inpersonale
734 2051 790 2107 est
833 2043 981 2128 'Continet
998 2042 1074 2106 milri
1092 2044 1194 2128 rper':
1220 2042 1346 2125 conticit
1366 2064 1413 2104 me

234 2128 355 2197 waere.
399 2124 546 2191 Similiter
566 2127 646 2213 apud
669 2126 803 2193 Graecos
825 2124 949 2213 συνέβη
969 2150 1026 2213 μοι
1043 2120 1064 2213 ἡ
1084 2124 1175 2203 ἐλπίς
1193 2126 1411 2191 declinationis

304 2252 356 2305 Μο.
377 2249 423 2315 Ρι]

235 2340 277 2389 dl.
310 2353 360 2409 pra
380 2332 498 2402 Quintia]
517 2328 540 2386 c}
562 2338 603 2397 16,
622 2336 888 2406 §Sd-caepisse
906 2338 989 2389 1².-
1010 2334 1151 2405 Virgilius]
1167 2333 1222 2383 den
1247 2330 1288 2393 11,
1311 2335 1352 2380 10.
1372 2361 1409 2370 -

239 2406 384 2474 Vergilias
401 2403 504 2455 uada.
520 2430 556 2442 ·-
570 2404 599 2455 ia
616 2404 728 2473 Hecyra]
748 2405 776 2471 1,
794 2411 824 2469 2,
844 2409 901 2457 114.
917 2405 981 2468 (nbi
999 2403 1091 2456 Bentl.
1110 2401 1189 2468 legit:
1212 2400 1236 2449 It
1258 2398 1345 2447 virere
1366 2401 1410 2450 ad

235 2480 316 2533 eom).
340 2501 367 2515 ·-
400 2470 524 2538 Cartare]
547 2472 625 2541 Virg.
648 2474 708 2525 Ecl.
725 2474 790 2536 vll,
811 2479 836 2526 5.
988 2477 1032 2531 ὃν.
1065 2474 1094 2523 ia
1115 2468 1272 2521 Scaevolam
1291 2464 1407 2516 ΗΜ).

235 2542 296 2594 l'id.
315 2547 372 2594 not.
390 2570 423 2580 -
441 2542 468 2593 ia
489 2541 603 2609 Verrem]
623 2542 682 2593 Act.
700 2542 736 2603 ll,
756 2542 805 2594 lib.
826 2542 849 2602 1,
867 2558 892 2592 c.
910 2544 953 2605 20,
972 2541 986 2607 5
1004 2544 1047 2592 52.
1066 2539 1129 2603 (ont
1147 2536 1250 2605 legitur
1271 2533 1409 2586 Charide-

233 2626 304 2663 nram
326 2609 438 2672 Clrium,
462 2608 535 2674 quod
555 2610 650 2677 reponi
666 2610 750 2661 iussit
768 2609 914 2667 Zeunius).

305 2676 369 2741 llll,
397 2680 421 2727 1.
455 2676 594 2759 *decernor
611 2678 707 2761 docetis
726 2677 837 2730 decent*
857 2676 918 2745 ipse
936 2673 1032 2774 addidi
1054 2674 1133 2756 nisus
1155 2672 1194 2753 iis
1213 2686 1284 2754 quae
1305 2668 1406 2768 {ulam

235 2752 461 2879 :tillut-„n
478 2742 782 2882 ezetu‘dtttt
803 2812 904 2863 ιιι
929 2741 1405 2874 eniterentur

240 2880 377 2932 Venilia
396 2880 461 2932 call,
480 2878 626 2945 Angustia.
643 2882 676 2932 dc
696 2880 749 2932 civ.
769 2880 814 2931 dei
833 2880 881 2941 w,
902 2882 941 2929 11.
961 2880 994 2931 de
1012 2896 1057 2946 spe
1075 2895 1143 2947 arrae
1159 2878 1232 2929 accit
1250 2880 1403 2939 (nuncupo-

237 2952 296 3009 tur)
324 2948 437 2999 Veailia.
473 2946 608 2999 Zerrninrr
649 2949 787 3019 Contingit
808 2948 887 3000 milri
907 2948 1069 2999 edocatus
1095 2952 1144 2998 eut
1170 2944 1310 3013 Contingit
1330 2940 1402 2994 milri

237 3024 383 3086 aptatam
405 3033 426 3067 r.
445 3032 528 3083 epea.

251 3112 313 3171 '32
348 3119 377 3170 in
405 3118 543 3187 Scaeuola]
571 3118 619 3171 Sic
645 3119 796 3187 legendnm
846 3117 1051 3185 antern‚inquit,
1060 3118 1217 3171 hmalrabot
1229 3115 1398 3183 dfflmeatiau

236 3192 294 3251 est,
320 3192 350 3238 ut
366 3185 542 3254 significetur
561 3204 631 3239 unns
650 3204 665 3239 e
684 3186 798 3257 legisti·
846 3187 882 3238 ad
893 3187 1035 3252 infinitam,
1048 3186 1400 3254 qaadiafirrdasaltmoca·

236 3272 332 3308 ocrnrn
346 3252 438 3307 lilrris.
473 3254 517 3307 Gi.
528 3255 641 3307 Ritsclrl
657 3256 684 3306 iu
701 3257 798 3308 lodice
845 3256 876 3307 leo
886 3255 969 3319 finito
987 3256 1135 3307 omnimodo
1149 3262 1224 3323 eget,
1241 3249 1400 3319 inperrarrale

236 3324 409 3379 salrolsrom.
438 3322 552 3376 Baunae
567 3323 781 3376 MDCCCXLV.·
846 3339 907 3373 aera
925 3331 1013 3374 aotam
1026 3323 1131 3391 quidese
1141 3325 1286 3390 perfectura
1297 3318 1399 3385 signifi·

271 3394 317 3461 qni
337 3394 442 3455 infinita
465 3393 670 3461 calumniantur]
696 3393 797 3457 „Haec
846 3392 1333 3457 catpercrnnesarodosperroaaoero
1345 3386 1400 3437 sola

236 3462 522 3528 constructioquum
554 3478 570 3513 n
599 3462 711 3529 legibus
743 3462 798 3512 lin·
846 3460 934 3524 defirit
953 3465 1016 3525 eta,
1034 3466 1062 3510 el
1080 3458 1128 3510 ulri
1146 3459 1209 3525 agit
1226 3457 1262 3508 de
1278 3453 1400 3523 personis

237 3546 311 3597 gnae
345 3529 463 3581 Latinae
496 3530 627 3582 recedere
660 3529 798 3593 videatur,
847 3528 994 3593 (p.842.]r
1031 3528 1141 3593 Infinita
1157 3541 1272 3593 quaque,
1306 3521 1399 3589 iuquit,

237 3594 384 3661 qrraeritur
401 3613 491 3648 annon
514 3604 576 3664 post
593 3598 639 3664 qui
661 3596 798 3649 exciderit
847 3603 873 3646 at
896 3596 1076 3662 ioperronalia
1099 3602 1124 3646 et
1146 3592 1280 3663 gerundia
1301 3593 1342 3643 oel
1360 3609 1400 3641 aa·

239 3662 284 3713 rel
301 3664 334 3713 de
351 3664 405 3728 vel,
425 3665 497 3730 qnod
519 3664 634 3732 propius
652 3666 686 3718 sd
707 3665 798 3731 serip-
846 3664 913 3729 pirro
954 3672 1044 3715 carent
1101 3663 1201 3713 meanis
1236 3659 1398 3712 naturaliter.

238 3737 329 3784 turem
353 3732 475 3795 aceedit,
503 3734 560 3784 irr.“
588 3734 675 3785 Zeus.
699 3762 734 3773 -
755 3734 798 3785 De
848 3730 892 3781 Gi.
910 3729 995 3781 etiarn
1014 3732 1063 3783 lilr.
1108 3731 1186 3792 Vlll,
1221 3744 1282 3795 cap.
1302 3727 1401 3779 deim-

238 3816 270 3853 ro
287 3798 355 3865 “f-i
377 3804 400 3851 l.
848 3797 1036 3865 personalium
1055 3797 1273 3850 constructione.
1307 3793 1402 3847 Glrari-

275 3866 332 3918 xx.
371 3869 409 3919 De
433 3866 665 3934 inpernorralilan]
692 3864 737 3917 (ll.
763 3869 798 3919 de
848 3867 909 3919 sins
929 3866 947 3917 l.
970 3884 995 3918 c.
1018 3869 1074 3933 Μ
1099 3873 1162 3933 post
1184 3866 1331 3931 verborum
1355 3880 1402 3930 ge-

237 3936 316 3988 rerb.
335 3953 359 3987 c.
379 3941 421 3999 t.‚
440 3934 488 3986 ubi
507 3934 519 4001 5
541 3938 563 3985 l.
580 3940 625 3995 (ut
641 3952 665 3986 c.
684 3934 738 4000 1,§
756 3940 797 3997 3.)
849 3950 918 3987 nere
933 3942 1070 3987 memoret
1093 3931 1303 4001 impersonalia.
1335 3932 1404 3982 Zen-

237 4010 314 4059 recte
326 4010 454 4057 monetur
468 4020 521 4054 ncn
538 4004 649 4055 rnndnnr
667 4018 730 4055 esse
746 4002 800 4055 inr-
847 4003 912 4055 nins
928 4020 979 4055 nos
998 4003 1113 4072 delegat
1130 4004 1164 4055 erl
1180 4000 1289 4054 Sanctii
1302 3999 1406 4052 Miner·

239 4072 413 4139 perronelia,
442 4072 492 4124 sed
510 4072 681 4139 peculiarem
700 4071 799 4123 verlic-
849 4087 910 4124 vasu
928 4072 956 4133 1,
978 4075 1018 4122 12.

237 4156 300 4192 rum
341 4140 569 4193 declinationem·
623 4140 664 4192 na
703 4145 799 4193 eutem
884 4142 909 4190 1.
947 4136 1404 4208 Santiaperronalialcldererlr·

237 4208 324 4259 verbs
337 4225 419 4274 nqueo
442 4225 554 4275 semper
574 4214 639 4260 snut
661 4208 798 4275 insperso·
847 4207 869 4259 l.
887 4224 910 4274 a.
928 4206 942 4273 §
961 4214 987 4260 3.

237 4275 316 4327 ualie
335 4275 362 4327 in
385 4278 533 4329 defectivis
554 4282 619 4329 sunt
638 4276 797 4329 referende.
881 4279 907 4325 ἓ.
941 4275 1083 4343 *Contigit
1104 4274 1169 4325 milri
1190 4269 1277 4339 apest]
1296 4268 1406 4321 lnserui

238 4343 292 4393 Sed
313 4343 398 4395 etiarn
414 4344 577 4397 Priscianus
594 4345 645 4395 ltu.
662 4345 740 4405 vlu,
767 4350 797 4395 nt
847 4357 881 4392 oa
903 4358 975 4409 quae
992 4342 1105 4395 omnino
1128 4343 1228 4393 abesse
1253 4355 1305 4390 non
1322 4354 1405 4404 posse

239 4408 388 4461 Charisius
408 4411 448 4475 ll,
472 4415 504 4475 4,
526 4416 581 4473 11.,
605 4412 678 4463 iuter
699 4412 797 4462 modas
846 4410 1018 4463 viderentur.
1054 4410 1109 4462 Sed
1124 4408 1277 4460 etiamnum
1294 4407 1406 4471 requiro
1449 4449 1450 4462 ι

240 4480 304 4535 post
321 4475 491 4529 infinitivum
512 4484 712 4530 commemoret
736 4492 798 4530 rer·
847 4492 881 4528 ea
900 4494 972 4543 qnae
990 4478 1178 4545 respondeant
1195 4475 1302 4528 vensis:
1324 4475 1407 4527 decli·
1449 4503 1450 4514 ι

238 4536 513 4603 hnmimperaonele.
539 4543 720 4607 intremunt
737 4546 799 4611 egit
846 4546 964 4599 sotionis
985 4554 1024 4599 ert
1045 4553 1074 4597 ot
1094 4544 1261 4612 incorrecte
1281 4550 1328 4598 ast·
1360 4542 1405 4597 (if.

240 4600 275 4653 ds
287 4606 458 4668 temporibus
468 4616 510 4675 (γ.
520 4614 610 4673 elwa
628 4612 800 4683 repausato
847 4612 883 4665 lle
902 4614 980 4669 run.
995 4630 1020 4666 a.
1036 4617 1063 4679 t,
1079 4612 1094 4679 i
1109 4617 1135 4665 8.
