2950 4992
345 112 606 182 EXCERPTUM
626 112 977 183 MATHEMATICUM
997 116 1021 178 1.
1203 114 1268 179 tte

94 288 184 362 portis
199 293 265 339 nota
276 286 373 351 suerit,
390 292 416 338 et
433 300 559 337 messura
574 282 673 335 emboli
687 284 830 341 emendum
848 298 931 351 supra
946 284 1045 337 dictem
1062 282 1185 355 regulam
1203 292 1268 340 note

97 373 157 424 erit.
192 372 231 423 tn
249 371 282 421 de
298 370 442 421 altitudine
457 369 563 437 quidem
585 368 731 421 saliebam
751 369 930 436 adpraesens
948 369 1020 422 diota
1041 370 1101 421 sint.
1138 370 1216 423 Nunc
1236 372 1318 435 deasq

95 454 273 525 perquirenda
291 454 481 523 magnitudine
506 452 601 505 solome
621 451 697 521 globi
719 460 745 505 et
764 452 894 505 diametro
918 453 973 504 eius
998 454 1154 519 subsequens
1181 470 1265 507 emmo

98 540 233 592 exordium
246 540 341 596 ,sumit
819 546 825 559 ¹

167 622 218 675 Die
239 621 429 689 aequinoctiali
453 628 517 673 ante
537 621 601 673 solis
621 628 708 673 ortum
728 621 892 674 cosmimetra
915 636 963 673 uas
987 620 1183 689 horoscopicam
1208 614 1316 689 eumz-15

96 709 174 760 certis
189 708 317 759 bererum
332 705 483 758 interstitiis
497 706 637 775 signatum
651 722 783 775 gnomosw
798 705 916 757 adbibita
933 708 974 757 ita
993 706 1133 773 disposuit,
1163 713 1193 757 ut
1207 707 1266 773 pri-

95 810 166 845 mum
188 791 347 861 emergentia
368 789 431 841 solis
452 790 559 841 radium
581 791 658 841 stilus
680 790 811 857 excipiens
834 790 953 841 umbram
973 790 1001 839 in
1021 791 1168 857 oppositum
1190 806 1268 859 super

94 878 209 945 primam
225 876 324 926 lineam
340 874 443 941 primae
459 873 540 925 borae
556 874 666 926 liontm
679 874 831 943 signantem
851 874 993 944 dirigeret,
1010 875 1132 941 locusque
1148 876 1205 943 ipse
1222 877 1268 943 qui

93 963 209 1028 primun
228 959 336 1010 umbrae
348 956 487 1009 'uenientis
509 959 647 1010 adtactum
667 959 768 1026 escepit
787 966 867 1010 notae
886 959 1053 1026 impressione
1073 960 1197 1027 signatus
1219 968 1266 1025 est,

94 1047 300 1109 observaturque
316 1043 461 1111 diiigenter
477 1050 517 1093 est
530 1058 673 1109 procursus
687 1042 805 1106 umbrae,
820 1043 901 1094 donec
916 1044 979 1095 solis
995 1044 1065 1095 orbis
1080 1051 1152 1097 totus
1168 1046 1201 1097 ab
1216 1045 1265 1097 lso·

92 1132 195 1181 risonte
217 1128 257 1179 ita
276 1127 382 1194 integer
404 1127 564 1188 emersisset,
594 1134 625 1178 ut
647 1126 735 1177 adlsue
751 1125 805 1178 ima
825 1128 963 1177 summitas
984 1127 1115 1181 horisonti
1131 1130 1265 1182 uideretur

94 1213 224 1264 innidere:
258 1217 284 1262 et
301 1210 373 1262 loesn
390 1226 464 1277 quem
481 1219 544 1263 tune
562 1212 657 1262 ambra
673 1210 706 1262 de
722 1211 784 1262 stilo
801 1211 898 1263 cadens
915 1212 1053 1278 occupassit
1069 1220 1187 1277 notatus,
1210 1215 1262 1267 da·
1280 1228 1313 1277 aa

93 1297 201 1363 bitaqsse
219 1295 378 1347 dimensione
395 1296 464 1346 inter
479 1295 593 1362 primam
611 1302 637 1347 et
651 1296 794 1347 secundam
808 1296 915 1347 umbrae
929 1303 1028 1359 notam,
1047 1313 1115 1361 quae
1130 1298 1264 1366 integrum

93 1381 158 1432 solis
175 1380 274 1443 orbem,
304 1380 353 1431 lsoc
369 1388 409 1431 est
425 1380 596 1442 diametron,
617 1388 700 1431 natae
717 1381 750 1431 de
767 1379 870 1431 duabus
887 1380 943 1431 eius
960 1380 1154 1431 summitatibus
1171 1383 1262 1434 metie-

92 1468 204 1526 bantur,
233 1464 341 1515 inventa
356 1472 473 1531 estpars
487 1480 559 1515 nona
577 1464 633 1515 eius
650 1465 746 1532 spatii,
778 1464 848 1531 quod
864 1464 933 1515 inter
946 1463 1061 1531 primum
1080 1472 1105 1517 et
1122 1466 1263 1519 seeundum

91 1549 201 1600 limitem
217 1549 321 1615 primae
337 1548 419 1599 borae
435 1548 624 1599 continebatur.
680 1548 756 1599 Unde
777 1556 875 1599 eertum
898 1556 948 1611 est,
982 1549 1052 1615 qued
1069 1566 1149 1600 unam
1168 1550 1262 1617 nequi·
1280 1562 1313 1617 37

91 1633 231 1685 noctialem
248 1632 340 1682 leoram
357 1634 491 1700 integram
504 1632 596 1697 saciat
612 1632 707 1684 solaris
724 1632 794 1684 orbis
812 1632 903 1683 novies
920 1634 1047 1699 repetitus
1065 1649 1192 1685 accessus·
1228 1636 1265 1687 Et

91 1717 157 1784 quia
173 1724 256 1768 totum
280 1716 402 1767 caelestis
418 1715 532 1767 ambitus
551 1716 771 1784 lsemirplsaeriurn
789 1716 927 1767 duodecim
944 1717 1058 1785 integris
1080 1718 1151 1769 lsoris
1169 1720 1263 1785 aequi-

89 1801 250 1851 noctialibus
269 1800 428 1863 inuoluitur,
464 1806 520 1851 tota
542 1808 632 1851 autern
657 1802 772 1867 spbaera
796 1800 913 1852 xxtttt
935 1801 1007 1853 lsoris
1033 1802 1264 1873 circumagitatur,

92 1883 210 1935 XXllil
225 1898 287 1934 uero
304 1900 396 1935 nouem
417 1884 560 1951 uniruique
576 1885 647 1935 datis
662 1885 769 1937 ducenti
785 1884 896 1936 sedecim
914 1885 1087 1953 complentur,
1118 1888 1182 1939 solis
1201 1889 1263 1941 dia·

88 1975 186 2019 metros
202 1968 245 2018 sui
263 1968 356 2019 circuli
370 1968 547 2019 ducentesima
564 1976 638 2021 senta
661 1969 763 2021 decima
778 1985 844 2037 pars
859 1970 1006 2021 necessario
1024 1979 1194 2039 consequente
1214 1990 1262 2025 ra-

88 2052 162 2105 tione
182 2052 295 2120 probata
318 2058 365 2103 est.
401 2053 439 2104 lit
455 2053 480 2103 si
496 2053 539 2103 oui
554 2052 620 2105 baec
635 2054 706 2106 ratio
726 2056 844 2117 fortasse
864 2054 993 2105 vacillare
1013 2056 1137 2108 uidentur
1152 2066 1260 2125 propter
1277 2068 1312 2117 38

87 2143 186 2189 motum
203 2137 268 2187 solis
285 2153 314 2187 eo
332 2136 402 2202 quod
419 2137 447 2187 in
461 2137 590 2189 ulteriora
607 2139 664 2190 sisse
679 2138 823 2189 cessatione
837 2139 1013 2206 progrediens
1030 2142 1163 2209 ampliori,
1181 2160 1260 2209 quam
1301 2192 1304 2197 .

87 2220 226 2287 quantitas
244 2237 294 2271 sun
311 2222 436 2288 erigeret,
454 2222 482 2272 in
501 2230 561 2273 ortu
578 2239 626 2273 suo
643 2238 718 2273 mora
734 2237 883 2273 mensuram
896 2222 1031 2287 fefellisse
1047 2226 1179 2289 credatur,
1197 2234 1258 2294 pot-

87 2312 128 2356 est
142 2322 191 2373 per
205 2305 382 2371 astrolapsum
398 2304 478 2357 buius
495 2306 534 2356 rei
551 2306 721 2357 certissimum
739 2320 832 2371 capere
854 2306 1065 2371 experimentum.
1099 2308 1259 2377 Emergente
1276 2320 1310 2367 39

86 2388 152 2439 solis
167 2388 279 2456 spltaera
298 2397 323 2440 et
340 2388 470 2441 insidente
488 2388 575 2439 adbuc
591 2388 735 2439 borioontis
753 2388 873 2455 margini
888 2389 912 2439 si
928 2390 1014 2455 ipsum
1032 2390 1209 2444 mediclinium
1224 2395 1260 2445 od

87 2474 144 2523 eius
162 2474 337 2524 summitatem
359 2474 487 2525 leoanerit
509 2480 534 2524 et
555 2472 661 2540 gradus
683 2472 730 2537 qai
752 2470 883 2523 subterius
903 2488 986 2539 supra
1008 2474 1184 2527 mediclinium
1207 2496 1258 2546 ap·

84 2556 240 2623 parented
264 2561 347 2607 totum
368 2556 544 2621 quadrantem
568 2554 774 2623 comparaverit,
806 2570 864 2604 eom
888 2572 990 2621 quoque
1012 2558 1082 2607 inter
1101 2559 1259 2614 diametrum

86 2637 151 2689 eolis
166 2645 191 2689 et
202 2638 295 2688 circsdi
310 2639 487 2704 quadrantem
502 2654 557 2690 esse
571 2638 669 2690 diserit
683 2638 886 2704 proportionem.
923 2638 1060 2693 Diametro
1076 2642 1172 2695 soleris
1184 2647 1260 2714 globi
1275 2654 1309 2703 40

85 2723 193 2772 inuento
213 2721 318 2771 ratione
335 2721 426 2772 circuti
445 2722 582 2789 quantitas
599 2722 668 2773 orbis
684 2722 742 2773 eins
756 2722 840 2785 focile
862 2724 1041 2791 cognoscitur,
1073 2727 1097 2778 si
1116 2716 1259 2783 seeundum

86 2821 169 2872 snpra
185 2805 283 2855 dictam
300 2806 422 2873 regulam
439 2807 616 2875 triplicationi
633 2806 757 2858 diametri
772 2807 884 2874 septima
900 2824 965 2874 pars
982 2809 1134 2865 adiicietur.
1188 2815 1256 2866 Dia·
1273 2822 1306 2871 41

85 2896 182 2940 metros
198 2895 287 2939 autem
302 2889 375 2952 solis,
387 2890 451 2957 quia
467 2891 604 2941 uerissima
621 2891 724 2942 ratione
741 2890 837 2942 solaris
854 2891 948 2942 circuli
961 2894 1188 2957 circumferentiae
1205 2902 1257 2953 dss-

85 2972 227 3024 centesima
244 2978 319 3024 serta
334 2974 437 3025 decima
450 2991 517 3043 pars
532 2976 646 3042 probata
663 2982 715 3034 cst,
736 2982 824 3026 terrae
842 2975 989 3029 diametron
1006 2966 1117 3031 multum
1133 2983 1256 3037 ercedere

84 3055 198 3120 ridetur,
212 3056 273 3108 lieet
288 3063 376 3109 tumen
394 3060 432 3109 ad
449 3058 586 3126 duplarem
603 3060 798 3127 proportionem
816 3060 970 3112 nullatenus
985 3072 1128 3132 exsurgat:
1156 3066 1257 3120 XXttt
1272 3078 1306 3125 42

84 3138 190 3191 milibus
207 3140 303 3193 stadiis
320 3150 346 3193 et
362 3158 391 3194 eo
409 3144 525 3212 amplius
542 3144 629 3197 minus
647 3145 760 3197 continet
777 3145 833 3195 eius
851 3145 947 3213 duplo,
966 3149 1086 3213 quamuis
1104 3150 1256 3205 Macrobius

117 3378 159 3426 ³5.
196 3375 247 3427 Die
264 3378 455 3444 aequinoctiali
475 3378 539 3445 eto]
564 3377 644 3432 cnut.
694 3378 781 3429 Gran.
801 3378 871 3430 esier
889 3387 914 3431 et
933 3381 961 3431 in
979 3390 1039 3435 ortu
1058 3400 1117 3449 suo,
1149 3386 1254 3443 additis

81 3442 208 3497 Messon.
226 3443 333 3495 (losum.
351 3444 374 3505 l,
393 3448 438 3507 20,
455 3448 490 3496 26
506 3463 566 3511 sqq.
695 3445 790 3498 verbis
810 3445 877 3511 „Sic
895 3448 969 3499 Ms.“

115 3510 259 3578 dodrante]
290 3512 359 3562 Edd.
380 3514 497 3565 orizonte
518 3522 549 3566 et
569 3514 644 3567 inira
728 3515 771 3563 to.
806 3514 897 3582 supro]
920 3516 992 3581 511.

81 3579 205 3631 crisanti.
726 3584 770 3631 tt.
805 3582 961 3651 diametron]
980 3584 1049 3636 Edd.
1068 3586 1219 3642 diametros.

115 3663 159 3711 ild.
192 3660 362 3728 dimensione]
388 3662 457 3724 „Sic
481 3663 533 3715 Me.
561 3680 595 3716 ec
617 3664 642 3717 si
725 3651 769 3729 4²3
796 3648 910 3729 ,Hm
928 3652 1056 3733 ,³¹55in
1092 3652 1200 3723 serlini
1237 3676 1253 3709 θ

80 3729 171 3779 „pm
200 3730 347 3780 ,qima-„0
375 3738 421 3781 „p
458 3730 641 3786 scribendum
692 3722 852 3769 eestsssnna
873 3726 1042 3771 contectura.
1078 3722 1203 3790 Namque
1227 3726 1252 3777 si

81 3797 251 3848 dimensione.
286 3798 326 3847 td
355 3800 470 3849 verbnm
495 3799 567 3851 isnec
593 3802 642 3853 de·
691 3784 951 3862 f⁰ffflidl⁸¹¹¹⁸il⁰⁸
967 3796 1011 3840 ⁰⁸²
1027 3792 1148 3858 ⁸⁰¹⁸¹li
1170 3794 1252 3858 'illio

80 3869 244 3932 ramptaex
262 3864 401 3916 Marrubii
420 3866 469 3918 lib.
489 3867 517 3932 t,
538 3871 641 3920 omps
692 3866 718 3901 ss
767 3868 899 3905 numeras
924 3856 1112 3938 ⁸duplicatus
1163 3859 1253 3912 elficit

80 3932 172 3983 (inan.
189 3956 222 3970 -
240 3932 356 3983 Videtur
372 3934 532 3987 Gronovius
549 3936 577 3987 in
594 3954 642 3989 co·
692 3922 836 3989 ¹⁶⁰³⁶³ib
871 3922 948 4005 ⁸⁰¹¹!
965 3924 1133 4006 ⁶¹⁸¹P⁶lffl¹¹¹
1158 3926 1182 3977 'l
1206 3944 1252 3979 ’θ’

80 3998 143 4051 tileo
162 4015 214 4051 sno
234 4000 342 4069 legisse
362 4002 489 4054 dimensio
509 4010 537 4068 ὁ,
562 4011 591 4059 et
612 4006 641 4057 in
691 3988 812 4039 'infidum
830 3996 954 4042 ³⁰⁰l⁰ll¹
976 3998 1113 4043 l⁰⁸¹⁰¹¹⁸¹¹¹
1137 4010 1251 4075 ΜΞΝ·

80 4068 260 4121 adnotatione
277 4069 429 4136 scripsisse
448 4072 575 4124 dimensio
593 4081 641 4126 eet.
691 4059 796 4119 “mm'’
823 4064 867 4107 ⁰⁸⁸
888 4060 1088 4127 ¹4¹4³¹sbilns
1114 4067 1146 4112 ¹¹²
1168 4062 1252 4113 Μῦ-

691 4122 781 4174 rsntin
799 4126 884 4190 penio
907 4128 998 4179 nsinns
1016 4132 1050 4178 23
1071 4128 1180 4181 milium
1196 4130 1249 4194 sit3

80 4220 128 4271 ‘im
162 4223 180 4249 α
203 4222 286 4273 Gm
690 4191 738 4241 sed
760 4191 787 4241 si
811 4206 873 4243 carn
897 4194 1041 4247 Macrobio
1069 4196 1119 4257 (ci.
1140 4196 1249 4249 Gomon.
1305 4211 1310 4221 ·

135 4240 159 4272 ⁰·
236 4290 242 4302 .
289 4261 294 4272 '
503 4290 510 4305 .
689 4257 790 4322 1,.10,
813 4261 869 4320 et.)
893 4262 964 4313 salis
986 4263 1154 4316 diametrum
1178 4266 1250 4318 dici·

112 4288 268 4356 neccssarso]
286 4288 358 4340 Edd.
376 4306 541 4342 necessarsa,
676 4334 753 4377 m·
770 4339 833 4379 em
854 4330 956 4381 lm
972 4330 1141 4396 mdiorum,
1166 4333 1249 4386 diffe-

110 4370 351 4438 l’ffll‘ll‘l‘lilffi·
369 4374 531 4440 §5⁹⁵⁰i4l·
566 4372 637 4427 ΕΜ·
688 4393 1085 4467 seottoestueeosqq.-tn
1103 4401 1145 4453 ed.
1163 4401 1248 4453 Gson.

76 4438 228 4506 prosum
244 4446 292 4491 αἱ·
632 4489 636 4499 ι
688 4460 796 4527 sursus
821 4464 969 4517 rann
988 4467 1117 4532 nostrum,
1153 4468 1181 4521 sn
1205 4472 1248 4522 ss,

108 4525 153 4574 38.
188 4522 319 4590 erigeret,
341 4524 370 4573 in
394 4534 452 4578 ortu
476 4525 533 4593 suo]
559 4524 636 4579 Edit.
687 4528 774 4593 zenn-
794 4529 837 4584 1⁵
851 4532 1083 4587 XLHmillibus.

112 4156 155 4204 81.
192 4154 383 4221 ducentesima]
413 4154 487 4220 „Mn
517 4156 642 4211 ducente·
