2950 4992
597 185 789 233 rasurarro.
1256 165 1303 258 Xl

85 354 147 421 quo
172 335 308 403 irmditus
334 337 571 403 emendarentur
594 337 744 402 Macrobii
769 356 862 422 opera
886 357 926 401 uo
959 335 1155 402 mediocriter
1179 335 1303 422 quidem

87 438 185 504 adhue
204 432 306 506 ¹vanno
327 441 432 506 critica
452 439 606 506 ventilata.

169 642 237 706 Hoc
263 636 412 728 apparatu
438 662 500 706 non
525 645 645 705 tantum
673 638 798 725 quidem
823 646 973 725 quantum
997 640 1104 705 vellem
1134 641 1305 719 coniicitur,

85 763 154 806 narn
180 743 262 808 nulla
288 763 306 809 c
331 751 379 808 tot
402 750 433 807 et
456 742 548 806 tantis
569 735 686 807 lacunis
708 739 831 827 rpribus'
845 740 933 826 quasi
954 738 1040 804 hiant
1061 742 1232 808 Saturnalia
1253 765 1303 809 er·

86 844 194 928 pietur,
214 864 316 928 neque
335 844 511 930 splendidae
532 845 653 908 elucent
673 842 917 908 emendationes:
941 850 974 908 at
995 842 1021 906 is
1042 841 1162 928 capitur
1180 843 1305 923 lructus,

86 945 140 1030 qui
170 945 296 1030 quidem
327 944 358 1009 in
388 965 425 1010 eo
455 945 601 1032 scriptore
629 963 692 1030 quo
719 944 808 1010 multi
832 944 864 1008 in
890 944 1073 1029 antiquitate
1100 944 1307 1030 investiganda

84 1053 212 1110 utantur
232 1054 363 1112 auctore-
376 1046 448 1111 satis
472 1055 519 1112 est
539 1065 680 1130 magnus,
705 1054 743 1112 ut
765 1054 848 1111 certe
870 1046 961 1124 scias,
987 1046 1062 1131 quid
1086 1065 1212 1132 quoque
1233 1048 1303 1114 loco

88 1147 244 1232 scripserit
261 1148 446 1226 Macrobius,
469 1149 543 1234 quid
564 1146 744 1212 intruserint
764 1146 824 1223 alii,
841 1147 944 1232 neque
966 1147 1008 1212 sis
1028 1147 1140 1212 dubius
1158 1148 1200 1232 (id
1222 1151 1306 1235 quod

89 1248 125 1312 iis
151 1251 328 1334 praesertim
357 1251 411 1336 qui
437 1252 604 1316 utebantur
630 1249 766 1314 editione
791 1247 970 1334 Bipontina,
1007 1249 1153 1315 latissime
1180 1252 1305 1336 quidem

87 1358 206 1434 vagata,
240 1353 294 1417 sed
319 1351 517 1418 adnotatione
531 1351 668 1416 ‘omnino
690 1358 828 1427 carente,
861 1348 972 1414 accidit
996 1349 1196 1437 saepissime),
1231 1374 1304 1419 num

86 1447 162 1516 tides
182 1451 321 1519 habenda
344 1454 384 1519 sit
406 1451 506 1520 verbis
529 1473 610 1539 quaa
631 1453 773 1536 legantur
798 1450 890 1514 iniis
911 1449 1050 1537 partibus
1071 1470 1152 1535 quac
1172 1460 1306 1520 venum·

86 1561 149 1618 tem
173 1555 319 1621 suerunt.
763 1552 767 1558 ’

176 1757 270 1838 Quod
288 1765 335 1838 ut,
356 1763 506 1842 quantum
527 1755 558 1822 in
579 1777 628 1822 ms
648 1762 737 1833 essct,
759 1763 953 1841 praestarem,
977 1766 1187 1843 apparatum
1209 1761 1307 1827 criti·

89 1875 169 1922 curn
193 1860 247 1943 qui
271 1859 347 1924 mihi
371 1859 552 1944 suppetebat
577 1857 678 1943 recepi
703 1857 871 1942 integrum,
904 1858 963 1922 uisi
986 1859 1070 1944 quod
1090 1861 1181 1926 omisi
1200 1874 1305 1948 aperta

89 1959 454 2044 quaedamlibrariorurn
479 1959 588 2025 merda
607 1967 639 2026 et
659 1959 882 2046 discrepantem
903 1959 1165 2046 orthographiam,
1185 1965 1224 2029 de
1246 1988 1307 2052 qua

88 2061 120 2124 in
142 2063 365 2147 prolegomenis
386 2084 451 2148 cap.
471 2063 528 2127 111.
552 2062 593 2126 ita
613 2061 671 2147 egi,
690 2070 727 2128 ut
744 2061 820 2127 nihil
839 2061 909 2126 lere
922 2061 997 2126 mibi
1017 2061 1221 2131 adiiciendum
1241 2091 1308 2135 esse

87 2163 238 2242 videatur,
262 2165 321 2230 nisi
344 2165 375 2228 in
398 2161 503 2250 primis
527 2163 656 2249 plagulis
677 2185 726 2229 me
747 2164 830 2229 haud
854 2163 996 2228 consulto
1019 2167 1234 2234 nonnullorum
1254 2193 1307 2237 vo·

88 2266 267 2334 cabuloruur
289 2267 380 2332 aliam
404 2275 544 2332 emotum
567 2287 634 2330 esse
655 2266 836 2351 scripturam
858 2266 952 2350 atque
976 2265 1008 2328 in
1031 2269 1243 2351 sequentibus,
1277 2275 1309 2338 in

90 2366 215 2433 Graccis
237 2390 323 2446 vero,
343 2388 439 2453 quum
463 2368 494 2432 iu
513 2366 671 2432 codicibus
691 2384 783 2452 saepe
802 2365 914 2449 scripta
934 2366 1110 2430 siut'literis
1130 2369 1259 2449 Latinis,
1280 2384 1311 2440 et

89 2468 121 2532 in
143 2469 329 2534 editionibus
350 2475 564 2552 excerptorum
589 2467 627 2530 de
650 2465 829 2531 differentiis
851 2473 884 2528 et
907 2465 1103 2530 societatibus
1124 2467 1234 2535 Graeci
1251 2475 1309 2540 La·

88 2563 209 2654 ti'nique
242 2569 328 2636 verbi
359 2569 407 2632 vel
439 2568 602 2650 utriusque
632 2565 754 2648 linguae
783 2565 933 2628 elementa
963 2564 996 2651 in
1024 2568 1132 2633 eodem
1161 2575 1310 2644 vocabulo

90 2672 189 2736 mixta
206 2671 280 2746 sint,
307 2667 486 2751 ubieunque
506 2665 603 2731 lorma
624 2672 705 2730 esset
726 2665 857 2743 Graeca,
885 2687 934 2730 mc
953 2666 1049 2732 literis
1068 2689 1194 2757 qaroque
1215 2675 1309 2745 Grae.

92 2771 136 2835 cis
160 2791 227 2835 esse
248 2789 350 2835 usum.
376 2767 445 2832 ‘sic
470 2775 572 2833 autem
597 2789 662 2832 rem
689 2766 821 2844 institui,
854 2776 890 2832 ut
917 2767 1038 2834 codices
1061 2793 1154 2838 manu
1181 2779 1310 2865 scriptos

94 2873 245 2956 signarem
265 2869 360 2936 literis
380 2867 554 2945 maioribus,
574 2869 722 2934 editiones
746 2869 929 2946 minoribus,
953 2878 986 2935 et
1008 2873 1061 2937 ubi
1080 2876 1182 2960 plures
1202 2879 1309 2949 iisdem

91 2973 187 3039 literis
217 2970 380 3056 signandae
415 2970 611 3055 numerisque
642 2977 762 3036 tanhrm
797 2971 1029 3056 distinguendae
1064 2977 1109 3060 (ut
1140 2978 1233 3046 cleo
1264 2987 1310 3051 vel

92 3076 172 3161 pli)
195 3074 274 3139 iuter
294 3093 328 3138 so
350 3071 570 3149 consentirent,
590 3093 684 3137 unam
706 3080 825 3138 tantum
848 3075 993 3158 ponerem
1013 3075 1131 3142 literam
1151 3080 1181 3165 (v
1201 3085 1248 3148 vel
1270 3089 1310 3172 p).

93 3175 271 3262 Significant
291 3181 393 3238 autem
412 3173 521 3251 aare,
551 3173 581 3238 id
605 3181 652 3239 est
673 3177 727 3241 vl.
751 3177 804 3239 rh
826 3175 892 3252 v3.,
923 3181 985 3239 tres
1006 3177 1155 3245 editiones
1178 3183 1311 3254 Venetas
1346 3169 1351 3179 ’

92 3298 172 3365 quae
193 3276 267 3342 mihi
288 3275 326 3340 ad
348 3295 472 3340 manum
497 3281 596 3340 eraut:
630 3276 786 3360 equibus
811 3296 907 3360 quum
934 3277 991 3354 vd,
1023 3288 1059 3342 ut
1083 3282 1219 3367 reliquae
1245 3287 1313 3352 eius

91 3379 199 3445 aetatis
217 3376 381 3455 editiones,
407 3397 503 3462 paene
521 3375 648 3440 omniuo
670 3384 819 3458 congruat
842 3398 913 3439 cum
932 3379 990 3453 vl,
1018 3400 1080 3442 non
1102 3402 1172 3446 raro
1190 3405 1310 3469 ponun.

92 3490 144 3546 tur
162 3487 282 3545 tauhun
302 3479 388 3563 signa
409 3481 451 3544 vl
475 3486 507 3543 et
527 3475 586 3553 v3,
617 3475 671 3540 ubi
693 3475 815 3559 signum
838 3479 878 3540 vl
903 3477 1135 3561 comprehcndit
1155 3485 1246 3551 etiam
1269 3491 1311 3555 al-

93 3591 189 3648 teram
211 3580 391 3659 editionem,
422 3581 474 3645 rh.
519 3578 611 3663 Signa
633 3597 782 3642 annorum
804 3576 882 3642 serie
900 3578 1050 3645 ordinavi:
1081 3583 1135 3648 ubi
1155 3591 1313 3677 complura

94 3705 160 3750 sese
183 3683 363 3768 excipientia
388 3689 475 3747 erant
496 3679 720 3764 coniungenda,
747 3678 880 3764 primum
902 3688 1022 3746 matum
1043 3693 1074 3749 et
1092 3687 1235 3758 ultimum
1256 3716 1311 3781 po-

95 3787 143 3851 sui
171 3785 329 3850 interiecto
359 3783 446 3868 signo
477 3782 510 3868 (-)
541 3781 577 3867 ⁶).
636 3781 709 3860 Quo
740 3780 857 3846 facilius
883 3783 1113 3870 intelligeretur,
1149 3795 1223 3878 quid
1252 3798 1313 3863 tale

94 3885 308 3973 compendium
333 3885 436 3962 vellet,
467 3883 498 3948 in
523 3883 629 3968 quavis
655 3883 764 3969 pagina
790 3883 895 3950 dextra
917 3907 1009 3971 supra
1027 3903 1206 3977 apparatum
1228 3897 1311 3963 criti-

94 4011 165 4056 oum
188 3987 278 4074 posui
300 3986 438 4053 omnium
460 3983 629 4051 editionum
651 3985 738 4070 signa
759 3987 932 4074 praeposito
952 3991 1041 4068 Eoo,
1063 3995 1146 4078 quod
1168 4017 1312 4083 compen-

165 4283 193 4340 θ)
217 4281 265 4330 Slc
284 4291 348 4342 μς
367 4283 414 4340 (==
433 4281 548 4344 vicahg)
576 4277 719 4345 significat
743 4294 839 4330 omnes
862 4280 1002 4330 editiones
1024 4296 1041 4331 a
1059 4286 1170 4337 Veneta
1188 4290 1208 4339 l.
1225 4305 1314 4356 usquo

95 4367 129 4417 ad
149 4365 327 4428 Gryphianus
346 4366 407 4427 lV.,
434 4365 452 4414 l.
469 4379 495 4416 e.
518 4379 613 4415 omnes
638 4366 777 4415 editiones
798 4377 869 4425 qrrae
887 4368 953 4412 anto
971 4366 1315 4436 Stephanianam‘pronee.

95 4455 175 4503 runt:
193 4451 251 4499 s-lr
272 4451 364 4500 atatem
383 4449 430 4512 (=
447 4451 551 4512 spdeb)
570 4454 634 4510 post
651 4447 865 4509 Stephanionem
884 4459 997 4498 omues:
1016 4462 1050 4499 r·
1061 4455 1099 4515 gb
1117 4459 1164 4514 (2-
1181 4459 1313 4524 vicahgb)

96 4546 192 4585 omues
209 4532 348 4584 editiones
366 4545 437 4596 quac
458 4533 622 4596 prodierunt
644 4537 710 4583 aute
727 4529 941 4592 Stephanionem
958 4544 1021 4586 oum
1040 4536 1196 4600 Bipoutiua.
