2950 4992
43 3055 59 3072 .
122 3026 315 3095 contagione
334 3040 456 3094 purgare
479 3025 645 3078 uratum.
670 3052 702 3064 -·
730 3025 822 3077 Haec
843 3033 905 3078 eunt

273 147 410 217 COMM.
430 146 475 215 IN
495 144 623 216 SOMN.
644 143 743 216 scu.
785 148 861 214 LlB.
882 149 905 214 Ι.
949 148 1039 217 GAP.
1061 149 1161 220 vlla*
1248 157 1291 225 tu

122 317 166 384 Et
181 324 230 384 est
250 317 364 404 politici
384 315 566 403 prudentiae
592 315 631 381 ad
651 315 780 381 rationis
803 337 943 384 normam
964 340 1044 405 quae
1065 322 1179 408 cogitat
1196 327 1320 411 quae-7

123 423 186 487 que
202 405 265 488 agit
283 404 426 469 universa
446 401 578 486 dirigere
597 421 633 466 ae
651 400 728 465 nihil
751 409 873 498 praeter
892 411 1010 469 rectum
1026 407 1104 472 velle
1123 407 1171 475 vel
1189 409 1289 478 iacere

122 487 327 572 humanisque
347 488 467 553 actibus
488 492 646 571 tamquam
669 485 781 552 divims
803 486 937 552 arbitriis
959 490 1132 574 providerc;
1176 496 1289 561 ruden-

121 572 184 638 tiae
211 573 317 638 iusuut
349 571 430 637 ratio
456 571 630 636 intellectus
663 570 898 656 circumspectio
928 573 1118 658 providentia
1152 515 1291 646 docilitas

121 657 240 722 cautio:
279 655 468 721 tortitudinis
487 655 626 720 animum
644 675 737 754 supra
759 656 887 741 periculi
908 665 1026 723 metum
1044 679 1135 744 agere
1153 663 1227 728 nihil
1273 687 1291 732 e

121 740 181 805 nisi
202 742 305 828 turpia
325 742 446 818 timere,
466 740 598 806 tolerare
620 740 742 806 sortder
763 741 811 808 vel
833 740 960 808 adversa
981 743 1028 808 vel
1050 765 1210 830 prospera;
1242 771 1292 815 or·
1325 779 1328 786 Δ

121 825 222 891 titudo
245 833 381 912 praestat
400 825 682 909 magnanimitatem
709 826 852 892 fiduciam
878 828 1074 894 securitatem
1097 832 1293 916 magnificen-

120 909 195 975 tiam
222 910 426 976 constantiam
456 910 648 976 tolerantiam
675 911 866 977 firmitatem:
897 914 1119 997 temperantiae
1142 916 1218 982 nihil
1240 939 1294 1004 ap·

120 1003 227 1093 petere
249 995 486 1080 poenitendum,
514 995 546 1058 in
568 995 654 1060 nullo
674 995 773 1080 legem
797 997 1015 1064 moderationis
1037 1001 1200 1079 excedere,
1231 1005 1343 1084 subter]

121 1101 230 1164 rugum
251 1079 380 1145 rationis
403 1079 600 1165 cupiditatem
621 1079 760 1153 domare;
801 1085 1035 1166 temperantiam
1058 1094 1205 1152 secuntur
1225 1109 1291 1154 mo·

121 1165 220 1232 destia
241 1164 425 1232 verecundia
449 1164 634 1230 abstinentia
655 1165 778 1229 castitas
800 1165 946 1231 honestas
968 1169 1137 1246 moderatio
1160 1174 1291 1258 parcitas

121 1250 273 1323 sobrietas
295 1250 455 1336 pudicitia:
490 1249 626 1321 iustitiae
654 1270 777 1315 servare
802 1250 985 1336 unicuique,
1013 1256 1096 1351 quod
1118 1277 1209 1322 suum
1231 1266 1292 1332 est;

122 1334 162 1398 da
182 1334 297 1400 iustitia
319 1335 448 1402 veniunt
469 1335 643 1400 innocentia
662 1334 797 1400 amicitia
818 1336 981 1402 concordia
1003 1345 1101 1422 pratas
1117 1340 1225 1423 religia
1247 1341 1291 1406 al·

121 1419 221 1484 lectus
247 1420 432 1486 humanitas.
482 1420 540 1486 llis
568 1420 734 1485 virtutibus
761 1420 933 1486 virbonus
959 1422 1094 1506 primum
1119 1424 1167 1488 sui
1197 1427 1322 1574 atqued

121 1504 194 1585 inde
214 1505 259 1570 rai
282 1505 422 1590 publicae
442 1514 544 1571 rector
563 1505 708 1582 efficitur,
729 1505 811 1570 iusta
833 1525 868 1570 ac
889 1506 1015 1591 provide
1036 1507 1212 1592 gubernans
1256 1532 1291 1576 u·

121 1610 222 1666 mana,
239 1613 302 1656 noo
322 1589 476 1655 deserens.
518 1589 687 1666 Secundae,
706 1610 784 1674 quas
804 1590 996 1675 purgatorias
1017 1601 1136 1669 vocant,
1157 1592 1292 1662 hominis

121 1682 195 1739 suot
215 1677 270 1760 qui
290 1674 386 1742 divini
404 1695 498 1759 capax
519 1683 582 1752 est,
618 1675 781 1759 solumque
801 1675 939 1740 animum
960 1676 1027 1742 aius
1048 1677 1217 1763 expediunt
1238 1679 1292 1764 qui

122 1758 258 1825 decrevit
282 1781 316 1824 sc
339 1779 357 1824 a
383 1759 522 1844 corporis
547 1759 733 1844 cogitatione
762 1781 894 1846 purgare
917 1767 949 1825 et
982 1761 1113 1846 quadam
1141 1762 1292 1831 humano·

121 1864 194 1910 rum
218 1843 290 1929 fuga
317 1844 392 1910 solis
416 1865 450 1910 se
477 1843 614 1910 inserere
642 1843 763 1910 divinis.
803 1847 869 1910 Hae
897 1852 971 1912 sunt
994 1847 1165 1914 otiosarum
1193 1849 1247 1936 qui
1273 1870 1291 1916 a

912 1997 999 2062 [aad.
1021 1998 1226 2071 vicahgcpdnlr.

121 2099 179 2135 moe
196 2083 247 2134 lll.
268 2110 294 2121 -
316 2081 450 2133 litertate
467 2079 521 2133 tte.
539 2110 573 2122 —
594 2082 646 2152 em]
669 2084 735 2135 deo.
750 2083 800 2148 Π,
822 2085 882 2134 664.
1033 2089 1059 2136 t.
1098 2087 1133 2138 Et
1154 2093 1223 2147 (om.
1240 2087 1293 2154 eet)

123 2151 175 2201 ΕΙ.
196 2179 230 2188 -
251 2151 355 2218 politici
370 2150 528 2218 prudentiae
550 2149 642 2203 Beni.
674 2152 779 2221 politici
794 2151 942 2218 prudentia
958 2148 1190 2205 arsamum-z.
1224 2157 1295 2223 poli·

122 2219 201 2270 tieae
216 2219 376 2286 prudentiae
393 2217 496 2283 caliga.
529 2220 656 2285 politicae
674 2221 822 2286 prudentia
838 2220 870 2270 Ρ.
888 2247 922 2260 -
972 2227 1046 2270 aeter
1059 2227 1134 2272 reete
1149 2221 1180 2271 Ρ.
1198 2247 1232 2260 -
1250 2224 1294 2273 di·

122 2288 193 2338 emir
212 2287 331 2340 arbitriis
350 2285 607 2338 usamentum.
648 2288 748 2340 dioneia
768 2287 884 2338 arbitria
906 2289 921 2351 (
963 2286 1150 2352 inperiali)
1173 2287 1295 2340 PRlei

123 2354 221 2406 uelit.
263 2355 342 2406 diuis
363 2355 483 2406 arbitrie
504 2354 670 2422 eahgann.
697 2353 790 2420 „quod
816 2354 938 2418 plaect.“
959 2352 1040 2403 Pont.
1062 2379 1096 2390 -
1120 2355 1296 2419 mensidare

123 2421 193 2474 cani.
217 2422 298 2474 Poot.
323 2421 389 2471 coll.
413 2422 516 2473 Aroolr.
540 2421 589 2472 lib.
613 2420 655 2471 lll
679 2419 713 2485 [c.
735 2420 791 2485 23]
814 2436 857 2470 ecs
874 2418 971 2482 (deoc)
994 2419 1035 2469 leis
1053 2419 1154 2469 cattas
1167 2423 1295 2500 praeri-

123 2491 194 2555 tere,
210 2495 239 2540 et
256 2491 358 2540 iterum
377 2487 411 2552 [c.
431 2488 499 2553 89.]=
519 2488 751 2554 praecidentibus
768 2486 848 2536 dicia.
883 2483 938 2534 Sed
958 2483 1042 2534 Groo.
1062 2484 1189 2537 deicodrt
1203 2489 1296 2552 proui-

121 2559 183 2610 dere
198 2557 265 2607 coll.
281 2555 340 2606 Sat.
356 2553 472 2617 l‚1a,s.
490 2554 608 2620 negotiis
618 2553 777 2620 provisuri.
812 2551 890 2601 tate
904 2550 933 2602 lr.
948 2551 968 2600 Ι.
985 2550 1175 2617 procidentia
1192 2560 1221 2603 et
1239 2555 1252 2620 ᾗ
1268 2561 1295 2606 8.

119 2625 259 2693 prouida.
276 2647 310 2660 -
327 2629 357 2674 et
373 2623 520 2674 intellectus
537 2619 568 2671 F.
584 2647 612 2658 -
624 2619 796 2683 fortitudinis
813 2625 860 2670 act
878 2617 981 2670 Edd.P.
994 2643 1028 2656 -·
1040 2619 1086 2669 rut
1104 2620 1175 2686 iugo
1193 2620 1246 2672 ΗΙ.
1261 2649 1294 2666 .-

121 2693 295 2759 cupiditatem
312 2705 367 2739 om.
381 2687 413 2738 1⁴¹.
430 2715 464 2728 -
482 2689 606 2738 teneatue
622 2703 677 2737 om.
695 2702 749 2737 s-e.
784 2685 809 2747 tt,
824 2685 891 2736 Mes.
909 2684 1036 2738 revocari
1054 2685 1145 2737 voluit
1162 2687 1246 2742 Gran.
1261 2717 1296 2730 -

121 2758 258 2810 amicitiae
274 2755 328 2805 tta.
344 2780 379 2794 -
399 2756 486 2824 pietas
503 2755 679 2806 humilitas
695 2753 793 2822 religio
811 2753 880 2804 Bao.
901 2781 929 2790 -
954 2755 1064 2820 affectae
1085 2753 1249 2809 humilitas
1272 2757 1294 2810 [a

123 2839 141 2876 a
162 2840 220 2874 nec.
244 2839 281 2872 m.
432 2825 458 2873 8.
492 2824 608 2890 primm
628 2822 672 2873 cui
693 2837 885 2888 suorumque
909 2819 979 2872 Bao.
1000 2847 1034 2860 -
1058 2839 1094 2872 ac
1115 2823 1200 2892 reip.
1225 2825 1294 2892 (om.

122 2891 201 2957 inde)
217 2890 269 2940 Rl.
286 2915 320 2928 -·
337 2889 451 2940 diuina
468 2908 521 2941 non
539 2892 660 2942 decem
676 2889 729 2940 i-b.
746 2915 779 2927 -
798 2889 958 2942 decreuerit
976 2888 1007 2940 F.
1026 2915 1060 2928 -·
1081 2906 1099 2940 a
1116 2893 1233 2960 carparis
1249 2911 1294 2945 eo·

122 2960 256 3030 gitatione
274 2973 396 3026 purgare
418 2956 542 3009 BSRtG.
584 2975 603 3008 a
620 2958 735 3026 remoris
751 2973 872 3026 purgare
888 2955 1106 3078 ceffilpisiquffi:
1131 2975 1159 3064 ξ
1181 2963 1297 3082 θὲἱΡῗέξ

155 3181 181 3229 t.
219 3177 257 3228 Iit
274 3182 313 3228 ert
327 3175 432 3242 politici
445 3175 615 3244 prudentiae]
631 3174 683 3228 Se·
731 3192 831 3242 ματος,
865 3173 999 3244 relacione
1015 3172 1044 3229 dl
1061 3175 1111 3244 τῆς
1128 3173 1230 3240 οἰκείας
1250 3172 1294 3231 cd-

123 3252 205 3297 cutus
225 3260 288 3294 sum
311 3245 402 3295 solum
425 3245 486 3294 cod.
505 3245 584 3306 Ber„
616 3243 683 3310 qaia
732 3241 815 3305 ζωΐας
850 3239 988 3311 ἀνάληψις
1022 3239 1095 3311 πρὸς
1126 3241 1178 3311 τὴν
1210 3245 1295 3298 θείαν

122 3329 185 3365 curu
210 3311 383 3377 reliquorum
408 3311 535 3363 codicum
562 3311 683 3362 lectione
734 3304 865 3375 ὁμοίωσιν
882 3306 1087 3378 ἐπαναγοοοα.“
1111 3311 1200 3362 Ponr.

121 3397 176 3432 nou
199 3380 337 3446 quadrant
361 3393 394 3428 ea
421 3395 492 3445 quac
515 3386 683 3444 sequuntur:
768 3384 794 3429 et
815 3379 931 3443 quadam
948 3379 1123 3428 humanorum
1137 3380 1214 3460 suga
1231 3377 1295 3429 ralis

119 3448 292 3514 fortitudinis
328 3448 519 3512 temperantiae
554 3447 684 3508 iustitiae,
734 3459 762 3496 ae
786 3445 899 3495 inserere
921 3443 1030 3508 divinis]
1055 3443 1204 3508 „Platonas
1224 3444 1295 3496 haee

122 3520 237 3582 propter
259 3529 330 3579 quae
356 3513 441 3564 Zeno.
464 3513 593 3580 probavit
613 3512 684 3564 scri·
734 3511 829 3562 omnia
848 3511 1083 3579 Pythagoraeque
1101 3518 1212 3563 maneta
1231 3528 1295 3578 per-

121 3588 235 3650 pturam
266 3583 402 3648 politicae
430 3583 604 3648 prudentiae.
648 3580 684 3632 tt
734 3594 827 3630 arrosa.
867 3577 1007 3629 drooltius
1037 3576 1090 3642 [ll,
1121 3579 1187 3647 lap
1225 3579 1296 3646 Quid

123 3649 165 3701 sic
193 3649 280 3700 rerba
310 3649 413 3718 cogitat
439 3655 467 3700 et
497 3650 559 3718 agit
586 3653 684 3700 careat
735 3647 816 3698 Plato
847 3653 932 3698 certer
960 3647 987 3698 ia
1020 3645 1175 3711 llteaeteto,
1209 3663 1296 3700 nonne

123 3715 260 3769 subtecto.
733 3713 823 3766 anima
832 3716 933 3782 sugere
945 3715 1039 3765 suadet
1054 3730 1068 3766 e
1084 3716 1170 3781 terris,
1185 3724 1211 3769 et
1226 3717 1295 3767 cirea

156 3787 183 3834 8.
216 3785 370 3852 guternaac
393 3783 524 3848 humana,
557 3800 611 3836 noa
635 3782 683 3834 de·
733 3783 809 3832 illum
831 3797 931 3849 semper
951 3787 1093 3849 (quantum
1108 3785 1174 3850 fleri
1195 3789 1295 3850 pateat)

123 3851 222 3917 cerem]
259 3850 444 3916 opponuntur
475 3866 509 3901 aa
537 3865 609 3915 qaue
639 3867 685 3901 se·
733 3850 898 3918 cogitatione
912 3867 944 3900 ac
957 3857 1042 3901 mente
1059 3851 1189 3900 versari.“
1208 3849 1294 3901 Pons.

123 3926 259 3985 quantur:
290 3919 337 3986 qui
354 3919 468 3970 decreuit
487 3934 515 3969 ee
533 3935 551 3968 a
569 3918 684 3984 corporis
769 3933 786 3966 a
810 3917 924 3984 corporis
952 3916 1125 3985 cogitatione]
1160 3915 1295 3982 Speciosa

123 3988 287 4054 cogitatione
319 4001 441 4053 purgare
476 3993 501 4036 et
542 3985 682 4052 quadam
733 3981 846 4051 quidem
863 3991 906 4035 aet
923 3983 1064 4064 scriptura
1081 3983 1248 4050 contagione,
1267 3986 1295 4034 at

122 4054 335 4105 humanorum
360 4056 453 4122 suga
478 4053 541 4104 tolie
563 4069 590 4104 se
612 4052 683 4103 inca·
733 4051 842 4116 legitur
866 4049 894 4102 in
924 4050 1007 4101 lilrrra
1033 4066 1093 4116 cap.
1121 4053 1166 4113 lt,
1196 4049 1209 4113 t
1236 4053 1294 4100 12:

122 4126 181 4172 'rere
198 4121 307 4172 divinia·
383 4187 390 4200 ι
734 4119 842 4170 animae
859 4119 953 4198 lentae
976 4119 1009 4168 ab
1031 4117 1102 4198 pruni
1119 4117 1296 4196 cuiuscunque

123 4193 422 4320 „sli‘0“⁹0i“i{3iiid⁸
435 4183 684 4322 ttttttni'tt:
734 4183 1296 4318 tttttttttttttd?{little:tl

122 4327 233 4388 terpres
251 4321 415 4373 Hieroclem
453 4319 606 4388 Φιλοσοφία
629 4315 686 4370 ioci
732 4319 878 4386 petentium
913 4317 1065 4383 corporis
1165 4318 1296 4370 desiderio

121 4389 193 4456 ζωῆς
214 4385 394 4455 ἀνθρωπίνης
417 4383 554 4454 κάθαρσις
574 4387 623 4440 uel
643 4401 685 4438 τε·
734 4387 831 4439 latmti
853 4385 1075 4454 cogitauerit,
1100 4385 1217 4452 pondere
1238 4385 1296 4453 ipso

121 4455 241 4522 λειότης·
266 4451 405 4523 κάθαρσις
420 4451 469 4521 μὲν
487 4451 543 4508 ἀπὸ
562 4455 612 4521 τῆς
629 4448 686 4507 ttc-
734 4461 854 4507 terrenae
875 4451 1098 4522 cogitationis
1117 4453 1250 4520 paulatim
1267 4454 1297 4506 ia

122 4523 172 4591 κῆς
189 4521 302 4590 ἀλογίας
321 4521 437 4576 καὶτοῦ
451 4517 616 4590 damatam
633 4516 685 4574 aci-
735 4522 866 4590 inferiora
892 4521 1036 4586 delabitur,
1068 4526 1097 4574 et
1118 4520 1191 4574 cont.
1211 4535 1298 4592 supra
