2950 4992
182 141 226 212 58
668 137 878 208 uacuoun

182 320 302 382 tantm:
327 317 360 378 et
378 310 412 375 in
435 309 496 375 boc
515 307 583 374 solo
605 327 673 374 esse
693 307 782 375 aiunt
800 308 945 376 exercitia
965 309 1131 389 virtutum,
1158 328 1287 396 quarum
1311 309 1351 374 sie

153 399 283 468 follicia
315 396 502 481 dispensant.
559 391 747 458 Prudentiae
786 415 853 460 esse
883 394 1032 459 mundum
1064 396 1157 460 istum
1192 402 1224 458 et
1252 394 1351 458 omnia

183 483 318 572 quaein
339 479 456 546 mundo
481 479 588 543 insunt
613 477 789 544 divinorum
815 480 1074 565 contemplatione
1103 480 1260 564 despicere
1288 499 1375 544 om·,

184 589 317 654 nemque
337 565 457 631 animae
480 562 698 647 cogitationem
720 563 752 628 in
775 565 839 630 sola
866 564 969 630 divina
991 564 1139 649 dirigere:
1180 573 1351 649 temperan-

183 656 245 720 tiae
261 652 364 719 omnia
385 649 465 715 relin
487 669 578 724 uerc,
604 648 636 712 in
656 657 808 734 quantum
828 658 938 715 natura
958 650 1087 735 patitur,
1114 671 1193 735 quae
1215 647 1351 734 corporis

131 753 262 822 [tunsus
289 735 434 822 requirit:
465 670 662 800 lortitudinis
688 755 752 798 non
777 735 887 800 terreri
909 735 1045 800 animam
1074 755 1092 799 a
1118 755 1245 820 corpore
1275 754 1350 818 quo-

183 821 347 890 dammodo
374 819 471 885 ductu
496 816 709 903 philosophiae
734 819 945 896 recedentem,
981 841 1038 885 nec
1065 819 1257 886 altitudinem
1285 839 1352 904 per-

182 910 280 975 fectae
306 905 344 972 ad
373 923 507 989 superna
534 903 722 968 ascensionis
754 903 896 969 horrere:
934 905 1070 970 iustitiae
1100 905 1136 970 ad
1166 925 1260 969 unam
1294 903 1350 968 sibi

181 994 275 1060 buius
292 989 442 1078 propositi
461 987 635 1052 consentire
653 987 734 1054 vium
752 989 996 1075 uniuscuiusque
1017 991 1139 1056 virtutis
1159 989 1350 1074 obsequium.

181 1085 286 1164 Atque
307 1077 349 1140 ita
370 1073 414 1150 fit,
432 1080 469 1138 ut
488 1072 657 1138 secundum
680 1072 739 1137 hoc
760 1080 823 1139 mm
845 1074 960 1160 rigidae
978 1074 1165 1140 definitionis
1186 1075 1349 1159 abruptum

150 1171 286 1234 brorum
326 1159 497 1224 ublicarum
519 1163 655 1222 rectores
675 1157 758 1224 beati
780 1180 847 1224 esse
868 1181 930 1225 non
953 1160 1081 1246 possint.
1123 1159 1183 1226 Sed
1210 1159 1348 1224 Plotinus

82 1303 84 1308 ,
181 1248 263 1314 inter
282 1182 494 1331 pbilosopbiae
516 1240 705 1327 professores
725 1265 794 1308 enm
813 1245 943 1309 Platone
960 1245 1103 1330 princeps
1129 1245 1208 1310 libro
1229 1244 1268 1309 de
1291 1243 1349 1310 vir-

180 1332 300 1398 tutibus
321 1329 434 1414 gradus
455 1347 562 1392 earum
589 1349 660 1394 vera
682 1335 714 1392 et
736 1328 867 1393 naturali
888 1329 1047 1394 divisionis
1070 1330 1190 1395 ratione
1210 1328 1350 1414 conposi-

180 1425 230 1483 tos
250 1437 306 1502 per
326 1414 466 1480 ordinem
487 1410 607 1498 digerit
650 1412 807 1491 Quattuor
827 1421 908 1492 sunt,
929 1413 1039 1498 inquit,
1058 1422 1279 1498 quaternarum
1299 1435 1349 1498 ge-

181 1523 255 1568 nera
273 1501 433 1567 virtutum.
474 1498 524 1563 Ex
545 1497 594 1563 bis
615 1497 733 1583 primae
756 1498 896 1584 politicae
916 1506 1079 1575 vocantur,
1101 1500 1255 1564 secundae
1278 1519 1350 1584 pnr-

150 1587 326 1674 dgatoriae,
346 1584 456 1650 tertiae
477 1583 572 1648 animi
592 1584 653 1649 iam
672 1584 803 1669 purgati,
824 1592 950 1668 quartae
972 1583 1170 1668 exemplares.
1213 1585 1256 1647 Et
1276 1591 1350 1648 sunt

201 1672 322 1738 oliticae
342 1668 493 1747 bominis,
517 1669 590 1754 quia
610 1668 722 1734 sociale
743 1668 856 1735 animal
877 1677 934 1736 est.
973 1668 1030 1734 His
1053 1667 1125 1732 boni
1145 1666 1203 1732 viri
1225 1667 1270 1730 rei
1292 1687 1348 1750 pu·

179 1696 278 1824 blicae
299 1754 477 1829 consulunt,
497 1754 591 1818 urbes
611 1761 754 1819 tuentur:
781 1753 829 1820 bis
852 1763 995 1840 parentes
1015 1759 1214 1827 venerantur,
1236 1751 1350 1816 liberos

179 1847 298 1916 amant,
333 1837 491 1923 proximos
519 1835 664 1920 diligunt:
704 1836 753 1901 bis
776 1839 889 1904 civium
913 1839 1042 1906 salutem
1069 1837 1257 1922 gubernant:
1300 1834 1349 1900 bis

179 1925 279 1990 socios
300 1921 520 2005 circumspecta
540 1920 734 2006 providentia
758 1930 940 2008 protegunt,
980 1923 1061 1990 iusta
1089 1921 1272 1988 liberalitate
1298 1919 1349 1986 de·

71 2023 79 2031 “
179 2006 332 2076 vinciunt:
358 2006 469 2089 hisque

265 2127 305 2141 -
327 2091 380 2156 sai
402 2109 544 2154 memmei
568 2088 643 2154 alios
661 2091 759 2175 [ecee
778 2091 927 2158 mecedo.

245 2223 316 2278 diss.
336 2221 603 2285 assentiscens]
695 2243 698 2248 ⁸

178 2310 250 2364 coni.
268 2310 353 2362 Zeno.
369 2336 403 2347 -·
421 2314 446 2360 ct
462 2309 510 2359 too
527 2314 596 2368 (am.
613 2308 657 2370 irs)
675 2308 729 2360 m.
746 2333 782 2350 -··
797 2308 875 2362 uiuat
888 2309 1015 2362 execitia
1030 2325 1086 2363 esse
1103 2311 1230 2365 uirtutes
1245 2311 1296 2364 Rt.
1314 2338 1349 2352 -

178 2381 270 2447 officia
286 2379 323 2430 sis
346 2374 555 2429 stauarum.
706 2379 732 2428 4.
767 2377 847 2428 istum
869 2394 924 2430 am.
944 2376 1016 2429 Bes.
1037 2406 1071 2418 -
1093 2379 1122 2430 irs
1143 2380 1241 2432 maudo
1259 2381 1349 2434 iissent

176 2446 333 2500 Becare.
365 2445 464 2498 maudo
481 2445 571 2495 insuat
587 2447 657 2503 (om.
673 2443 715 2504 irs)
734 2443 894 2497 rsnsunn.
929 2446 957 2496 iss
974 2447 1073 2498 maudo
1090 2456 1152 2500 sunt
1168 2449 1219 2499 Rl.
1241 2475 1267 2486 -
1286 2465 1350 2500 cors-

178 2515 372 2583 teasplatiorrerrs
390 2512 425 2564 G.
446 2539 481 2550 —
501 2511 656 2580 diespitere
673 2511 727 2562 Ha
748 2539 781 2550 -
805 2530 867 2564 aaa
885 2512 1053 2565 altitudinem
1074 2514 1145 2566 Burs.
1164 2542 1200 2554 -
1218 2515 1350 2583 propositi

178 2584 256 2635 buius
272 2581 304 2662 F:
324 2581 417 2664 ‘buius
433 2580 593 2660 praepositi
612 2595 638 2630 v.
657 2606 691 2660 .—
709 2579 817 2661 uirtutis
836 2582 992 2646 officium
1011 2579 1083 2632 Bes.
1100 2608 1134 2621 -
1157 2591 1212 2634 tam
1227 2584 1345 2663 diffissi-

176 2647 618 2770 serietatibus
633 2647 1296 2784 ltittzttttltlmtttttttttttt?
1313 2649 1346 2700 ¹⁴²

281 2786 307 2832 b.
342 2782 388 2833 sed
403 2783 537 2850 protinus
554 2781 606 2832 Rl.
623 2807 659 2820 ·-
675 2781 745 2833 iuter
766 2782 921 2850 ›biloscplsie
938 2784 977 2845 (ie
991 2801 1053 2850 sup.
1070 2801 1124 2836 res.
1141 2786 1245 2844 educe.)
1261 2786 1347 2836 eius-

200 2867 238 2901 us
258 2853 418 2916 professores
437 2849 489 2899 itt.
511 2875 538 2886 -
598 2863 735 2913 accusares
785 2853 807 2900 1.
826 2876 861 2890 -
884 2852 976 2905 libros
999 2851 1033 2902 Β.
1067 2854 1102 2904 s'a
1127 2853 1193 2903 libro
1217 2851 1347 2904 BamTrs.

178 2867 250 2968 bna.
267 2943 301 2956 -
324 2933 415 2967 aarum
430 2916 536 2984 gratim
601 2951 608 2965 .
629 2943 662 2952 -
679 2917 791 2984 degerit
813 2917 848 2969 G.
999 2922 1025 2968 6.
1060 2921 1124 2986 quia
1147 2919 1348 2987 Mser-gb'l'rs.

176 2985 248 3038 Ber.
283 2985 329 3052 qus'
352 2983 408 3034 112.
443 2998 496 3049 qua
511 2998 558 3034 ω
575 2981 610 3043 (b
626 2980 655 3033 in
674 2988 756 3051 mg).
770 3009 805 3024 -
828 2985 970 3054 urbesque
987 2986 1038 3037 Rl.
1062 3013 1090 3024 —
1115 2987 1236 3055 diliguat
1250 2989 1347 3054 prosi-

210 3103 235 3150 a.
276 3106 403 3166 quautam
431 3095 538 3148 uiuendi
560 3096 737 3164 perspicuitas
786 3099 867 3151 ttect.
895 3101 920 3152 4.
948 3101 976 3151 iss
1001 3099 1142 3151 nouissimo
1162 3099 1221 3163 suti
1242 3107 1348 3154 stamus

173 3166 305 3235 praestat]
328 3163 450 3216 Zennins
473 3165 662 3229 reponendum
684 3182 736 3233 pu·
786 3169 938 3234 abrupto,
973 3166 1051 3218 Dccl.
1076 3169 1101 3216 5.
1126 3167 1154 3217 irs
1177 3167 1347 3221 tristissimae

177 3233 249 3287 tavit
266 3233 385 3284 uidendi
399 3232 591 3300 perspicuitas,
619 3248 689 3298 quae
707 3231 736 3285 ei
784 3235 948 3288 necessitatis
966 3235 1068 3300 positus
1085 3235 1235 3303 abrupto.

175 3318 238 3354 esse
253 3299 365 3352 videtur
382 3298 588 3366 „illasapienti
602 3315 736 3353 concessa
818 3318 906 3356 rerum
935 3301 1101 3370 publicarum
1131 3311 1244 3356 rectores
1274 3303 1348 3355 beati

174 3370 312 3433 facultas,
348 3383 419 3435 qnae
448 3367 600 3419 humanam
625 3365 736 3420 intelli·
784 3386 840 3422 esse
856 3368 1038 3436 nonpossint]
1071 3363 1158 3434 ,ζἈνεν
1179 3369 1348 3438 φιλοσοφίας

174 3437 299 3504 gentiam
318 3453 372 3488 non
389 3440 538 3504 superant,
570 3434 688 3516 indagat
706 3441 735 3488 et
784 3434 832 3489 scal
851 3436 903 3489 νοῦ
924 3443 1009 3504 negat
1030 3436 1163 3488 Socrates
1183 3437 1258 3504 apud
1280 3438 1347 3490 Ple-

174 3504 334 3572 cognnmit,
361 3504 475 3556 ethuis
493 3500 649 3570 cognitioni
668 3519 735 3554 con·
785 3503 924 3556 tenemin
942 3504 1091 3556 Phaedone
1113 3508 1154 3556 31.
1178 3521 1346 3571 quemqnam
1427 3559 1428 3562 ,

173 3571 320 3622 vestientur
342 3571 443 3624 vivit.“
483 3571 518 3622 at
540 3570 649 3620 uidendi
670 3587 733 3637 per-
784 3572 856 3624 satis
875 3586 891 3623 a
909 3571 988 3624 vitiis
1006 3572 1132 3636 carparis
1150 3573 1281 3639 pnrgari:
1316 3578 1347 3626 et

172 3639 302 3704 spicuitos
318 3636 415 3690 innata
434 3655 497 3688 curn
520 3638 606 3688 verbo
623 3639 733 3689 imitare-

172 3711 218 3756 tur
239 3703 312 3755 mibi
328 3720 382 3754 non
404 3704 475 3756 satis
500 3704 603 3770 placet.
637 3705 735 3770 Expli-

173 3769 296 3823 cavecim
322 3771 416 3836 potius
436 3770 464 3822 id
487 3771 559 3836 qnod
586 3771 674 3838 snlgo
694 3774 734 3824 le·

173 3839 265 3909 gitars
288 3844 442 3906 „quamam
460 3835 490 3888 in
506 3838 573 3900 rita,
592 3854 664 3904 quae
681 3840 733 3891 sub

172 3908 272 3960 oculos
292 3907 389 3970 cadat,
420 3904 484 3957 fieri
506 3907 633 3971 potest,“
667 3907 732 3958 dnm

172 3975 239 4042 quid
257 3975 360 4027 melina
377 3974 546 4042 proferatur.
580 3972 688 4040 Gonf.§
707 3977 733 4027 4.

172 4045 203 4095 irs
233 4050 362 4109 quantum
386 4051 485 4094 notura
509 4040 630 4110 patitur,
664 4059 733 4109 quae

172 4111 289 4178 samoris
308 4127 372 4163 usus
393 4110 513 4177 requirit.

205 4179 231 4228 4.
268 4179 305 4229 ad
321 4195 403 4229 ursam
480 4173 639 4242 obsequium]
667 4173 734 4226 lna·

171 4259 239 4310 gaas
262 4245 300 4295 ad
315 4261 398 4297 maus
415 4243 494 4295 buius
508 4242 639 4310 propositi
657 4240 691 4303 (i.
708 4259 733 4295 e.

171 4309 315 4373 perfectae
341 4311 375 4362 ad
398 4326 522 4374 superna
543 4307 732 4370 ascensionis]

170 4375 244 4422 aiam
275 4375 326 4424 sibi
357 4378 501 4430 consentire
527 4375 733 4442 uniuscuiusque

172 4436 278 4486 uirtutis
295 4440 455 4504 obsequiosa.

207 4500 357 4570 abrupta-s]
380 4506 466 4557 Gran.
483 4505 593 4559 confert
610 4505 731 4574 Quintil.

784 3639 810 3691 si
829 3640 875 3690 vel
895 3638 1015 3690 maxime
1038 3636 1067 3702 ἐξ
1084 3635 1170 3699 ἔθους
1188 3645 1217 3690 et
1234 3633 1347 3706 μελέτης

785 3712 973 3770 consequatur
1006 3705 1221 3770 temperantiam
1260 3715 1346 3773 atqne

784 3772 939 3855 incutiam,
951 3789 1039 3855 ⁸qnam
1058 3770 1207 3840 δημοτικὴν
1224 3778 1253 3825 et
1269 3775 1347 3825 uotu-

783 3847 1170 3974 {ttetttttttwtttittt
1190 3847 1347 3975 ‘stitit

782 3979 847 4042 post
864 3979 982 4026 mortem
1000 3975 1127 4042 corperis
1144 3976 1177 4026 sd
1195 3977 1276 4027 sedes
1294 3977 1346 4028 be-

782 4048 907 4105 atorum,
929 4042 964 4094 ad
985 4058 1053 4108 quas
1072 4059 1125 4093 non
1144 4041 1199 4093 nisi
1215 4043 1346 4110 philoso-

801 4109 838 4160 ho
860 4125 877 4160 a
897 4110 1023 4176 corporis
1047 4109 1214 4177 contagione
1237 4110 1343 4162 dndnrn

782 4127 905 4229 liberato
923 4183 951 4228 et
974 4183 1094 4244 purgato
1115 4176 1210 4228 aditus
1231 4183 1344 4244 pateat3

782 4245 830 4296 sed
847 4245 949 4296 iterum
967 4244 1078 4295 detrudi
1094 4244 1128 4295 ad
1148 4261 1237 4310 genus
1254 4246 1345 4312 qnod-

781 4313 845 4363 dam
866 4310 1012 4378 politicum
1033 4317 1061 4362 et
1077 4317 1264 4376 mansuetum,
1282 4311 1346 4363 vel·

781 4378 822 4430 uti
841 4394 940 4445 apum,
962 4376 1159 4439 fornsicarnm,
1181 4385 1232 4430 aut
1249 4377 1348 4430 homi·

780 4460 864 4507 num,
894 4444 942 4495 nbi
958 4461 993 4495 cx
1011 4445 1073 4498 illis
1092 4444 1134 4499 ita
1150 4444 1221 4502 aaut
1242 4440 1346 4514 ἄνδρες

779 4505 912 4578 perosum
930 4510 1015 4564 Zama
