2950 4992
222 127 361 197 COMM.
381 126 426 193 IN
447 122 575 190 SOMN.
596 120 695 190 scut
736 123 813 188 LlB.
832 124 871 187 11.
915 123 1006 189 CAP.
1024 124 1079 188 lx.
1097 124 1137 188 X.
1202 122 1263 187 175

94 300 199 368 doouit
224 312 243 362 a
265 293 363 361 nostri
388 293 511 379 generis
535 290 713 356 hominibus
739 289 919 375 particulam
946 292 1110 377 possideri,
1149 293 1264 359 nullius

95 407 169 455 vero
189 382 318 469 gloriam
338 379 385 445 vel
409 379 442 443 in
463 378 545 443 iliam
565 385 664 443 totam
687 382 804 460 partem
828 376 964 461 potuisse
985 377 1129 456 diffundi,
1169 380 1265 466 siqui·

96 472 165 537 dem
189 470 319 552 Gangen
347 473 508 530 transnare
534 462 582 529 vei
608 462 826 527 transcendere
855 460 1025 527 Caucasum
1052 465 1183 531 Romani
1211 486 1265 531 no-

97 556 191 621 minis
211 554 291 619 iama
311 572 375 615 nou
398 549 509 614 valuit:
551 568 653 633 spem,
690 567 784 633 quam
806 544 844 611 de
866 547 1060 635 propaganda
1089 548 1148 613 late
1170 549 1266 634 gloria

96 650 169 707 ante
195 639 301 705 oculos
330 634 475 722 ponendo
503 634 600 699 nostri
628 633 713 699 orbis
741 632 895 717 angustias
922 633 1106 717 amputavit,
1143 636 1208 699 vult
1234 645 1266 701 et
1378 684 1383 697 .

97 724 310 802 diuturnitatis
333 719 463 796 auseris,
483 728 519 784 ut
540 719 631 804 piene
653 718 758 783 animo
779 719 900 803 nepotis
921 726 1131 802 contemptum
1153 719 1267 801 gloriae

100 832 226 897 eompos
253 808 410 873 dissuasor
434 805 578 879 insinuet.
636 806 679 870 Et
707 804 751 869 ait
777 825 834 868 nee
860 804 893 867 in
918 803 974 869 hae
1001 804 1065 890 ipsa
1094 811 1196 889 parte,
1235 805 1295 873 ind

96 918 190 984 quam
213 892 360 981 sapientis
380 898 412 955 et
433 890 520 955 fortis
540 890 598 956 viri
617 911 732 955 nomen
755 910 878 975 serpere
899 897 1013 974 potest,
1053 889 1266 955 aeternitatem

98 982 233 1048 nominis
258 998 349 1065 posse
370 976 498 1053 durare,
535 996 605 1040 eum
629 975 721 1040 modo
741 975 902 1040 exustione
928 976 1022 1041 modo
1044 976 1186 1042 eluvione
1206 985 1267 1042 ter-

96 1089 200 1133 rarum
229 1063 432 1129 diuturnitate
459 1068 564 1133 reru'm
593 1060 763 1125 intercedat
789 1080 922 1125 occasus.
978 1060 1071 1139 Quod
1099 1062 1190 1147 quain
1218 1063 1294 1140 sita

98 1154 294 1219 disseremus.
341 1150 379 1212 ln
405 1147 462 1212 hae
490 1147 572 1211 enim
600 1154 687 1231 parte
716 1152 864 1210 tractatus
891 1146 942 1210 illa
969 1147 1109 1231 quaestio
1137 1146 1268 1214 latenter

97 1236 280 1311 absolvitur,
325 1254 405 1318 quae
436 1232 606 1296 muitarum
637 1231 838 1316 cogitationes
872 1229 910 1295 de
944 1231 1127 1316 ambigenda
1159 1236 1266 1299 mundi

97 1321 281 1387 aeternitate
306 1318 458 1383 sollicitat.
517 1318 596 1384 Nam
624 1318 694 1402 quis
719 1315 807 1381 facile
840 1316 989 1381 muudum
1023 1337 1145 1401 semper
1173 1317 1296 1388 suissed

99 1406 285 1482 consentiat,
317 1425 387 1470 eum
414 1411 446 1467 et
473 1402 539 1488 ipsa
565 1402 764 1467 historiarum
792 1402 867 1467 fides
889 1402 1056 1467 multarum
1071 1423 1182 1489 rerum
1204 1406 1268 1469 eut-

99 1499 168 1557 tum
189 1490 498 1574 emendationemque
519 1488 567 1554 vel
590 1487 687 1573 ipsam
711 1488 921 1554 inventionem
950 1497 1104 1553 raeentem
1136 1509 1203 1553 esse
1225 1489 1267 1555 ia-

97 1585 217 1655 teatur,
253 1596 386 1660 eumque
412 1574 506 1639 rudes
533 1573 666 1660 primum
690 1573 832 1638 homines
860 1582 891 1638 et
912 1573 1028 1639 incuria
1051 1574 1182 1639 silvestri
1205 1597 1267 1641 non

97 1662 230 1728 muitum
252 1683 270 1726 a
290 1661 425 1726 serarum
451 1658 616 1745 asperitate
636 1660 800 1728 dissimiles
822 1659 997 1724 meminerit
1019 1660 1067 1726 vel
1092 1659 1318 1749 fabulatumrsr]

99 1748 276 1834 antiquitas,
293 1747 456 1830 tradatque
476 1766 534 1809 neo
552 1744 635 1809 hune
652 1746 696 1811 eis
715 1766 779 1831 quo
798 1766 880 1809 nune
896 1746 1013 1810 utimur
1031 1745 1145 1810 vietum
1165 1745 1268 1824 fuisse,

98 1834 152 1899 sed
174 1832 284 1917 giande
307 1832 392 1917 prius
413 1830 547 1895 etheris
567 1832 645 1895 altos
665 1852 735 1896 sero
757 1851 894 1917 sperasse
914 1830 952 1895 de
974 1831 1062 1896 fuluis
1081 1832 1268 1912 alimoniam,

98 1938 232 2003 eumque
259 1918 302 1981 ita
323 1916 484 1981 exordium
510 1937 615 1981 rerum
639 1926 671 1982 et
695 1917 792 2002 ipsius
819 1915 972 1981 humanae
1000 1917 1133 1982 nationis
1161 1920 1267 2003 opine·

98 2024 185 2081 mur,
217 2009 255 2067 ut
279 2023 372 2083 aurea
401 2002 535 2087 primum
557 2001 659 2067 secula
685 2001 779 2067 fuisse
802 2002 977 2081 eradamus,
1011 2010 1043 2067 et
1064 2002 1136 2067 inda
1158 2012 1267 2069 natura

98 2108 154 2175 per
175 2087 298 2153 metalla
319 2088 426 2154 viliora
449 2087 637 2173 degenerans
664 2087 746 2152 serra
771 2089 878 2157 secuta
899 2096 1054 2174 postrema
1072 2088 1268 2155 doedaverit?

98 2179 158 2250 Aa,
185 2194 224 2238 ne
244 2180 345 2238 totum
364 2173 523 2238 uideamur
545 2173 582 2237 de
604 2172 715 2238 sabulis
736 2174 886 2250 mutuari,
913 2174 982 2259 quis
1004 2173 1159 2239 nauhine
1177 2175 1295 2240 nesti-7

98 2268 162 2325 met
181 2258 332 2324 mundum
353 2259 539 2346 quandoque
560 2259 698 2345 coepisse
718 2266 750 2323 et
771 2280 827 2324 nee
849 2260 1077 2343 iongam'retro
1097 2259 1164 2323 eius
1186 2268 1267 2325 aeta-

780 2433 786 2447 ·
888 2410 973 2470 [Edd.
997 2410 1199 2477 vienhgapdab.

98 2493 195 2547 brania
214 2497 244 2544 et
261 2493 443 2545 editionibus.
460 2521 495 2532 —-
516 2495 601 2546 nostri
617 2494 724 2563 generis
743 2492 890 2542 hominibus
907 2499 976 2552 (arn.
994 2499 1025 2554 a)
1045 2511 1089 2559 ap;
1110 2495 1269 2547 emendarit

99 2563 186 2613 Gran.
227 2562 261 2611 at
279 2562 427 2612 dominibus
443 2561 529 2613 nostri
545 2565 651 2629 generis
670 2577 697 2611 r.
720 2586 755 2596 -
782 2560 914 2626 Gangem
931 2560 1011 2611 r-ur.
1032 2588 1061 2597 —
1082 2569 1269 2643 transnatare

99 2628 978 2762 '···t?⁸‘1tttttritt1⁰tritegttt“t.dtetti?
1009 2629 1268 2766 ttt'ttitt

98 2762 150 2813 Ra.
170 2788 206 2799 -
226 2762 255 2813 in
273 2778 353 2827 quam
370 2763 444 2828 ipra
463 2770 488 2813 et
505 2762 557 2812 tta
575 2788 609 2801 -·
630 2763 683 2813 aia
701 2779 803 2829 serpere
816 2770 903 2829 potest
921 2763 990 2814 Ban-
1007 2790 1041 2805 -·
1058 2768 1268 2819 diuturnitatem

99 2829 198 2882 ΟΒΑι.
233 2829 427 2882 diuturnitatis
444 2830 497 2879 112.
524 2856 559 2868 -
585 2831 736 2883 intercidat
754 2830 776 2879 F
779 2830 970 2884 oudinum.
1122 2838 1148 2884 5.
1183 2846 1268 2886 aeter-

96 2898 185 2949 nitate
209 2896 385 2964 rignisieat
406 2912 434 2947 v.
600 2902 626 2949 6.
666 2915 768 2965 semper
786 2900 912 2951 mundam
939 2899 969 2950 F.
997 2927 1032 2939 -
1061 2904 1268 2954 emendationem

99 2972 168 3025 (om.
186 2969 250 3030 que)
266 2964 317 3013 Rl.
336 2992 371 3003 -
391 2964 567 3017 inventionem
583 2966 671 3032 ipram
687 2967 811 3018 mur.
829 2994 864 3005 —-
886 2969 923 3019 de
935 2971 1058 3033 serarum
1075 2972 1220 3036 arperitate
1236 2971 1267 3021 F.

97 3060 135 3071 -
155 3040 266 3083 utemur
281 3032 370 3096 fuitne
387 3033 484 3084 vietum
507 3032 539 3082 F.
562 3060 595 3071 -
617 3034 710 3086 ntitas
726 3050 788 3101 v-g.
812 3061 846 3071 -
868 3036 901 3087 de
918 3039 998 3087 sulcia
1015 3054 1134 3103 speram
1160 3038 1211 3088 lta.
1233 3068 1268 3077 -

96 3100 231 3153 hnmanae
247 3100 310 3150 add.
326 3115 343 3150 a
360 3116 416 3150 aaa.
434 3117 470 3151 m.
490 3101 541 3151 ΒΞ.
558 3126 592 3139 -
610 3109 637 3152 et
654 3102 687 3152 in
707 3107 783 3168 (sup.
801 3102 862 3153 aad.
882 3105 928 3163 de)
947 3112 1047 3156 natura
1063 3106 1115 3155 Rl.

97 3172 122 3218 7.
158 3168 190 3218 de
204 3166 307 3231 fabalia
325 3167 463 3218 uideamur
479 3170 597 3220 mutuari
617 3169 696 3219 RlG.
721 3198 756 3209 -·
786 3170 863 3221 iruna
880 3172 931 3222 Bt.
956 3200 991 3213 -
1019 3172 1265 3224 aestimetom.1⁴'.

97 3235 212 3288 entimt
235 3239 277 3286 vl.
318 3236 461 3288 existimet
478 3235 578 3304 sia-g.
608 3264 642 3275 -
669 3240 972 3306 quandapaarnundem
993 3240 1045 3289 Ra.
1074 3268 1108 3277 -
1136 3248 1160 3292 et
1178 3258 1216 3299 ae
1233 3240 1267 3292 0.

129 3369 214 3422 noan·
229 3368 345 3437 generis]
364 3386 404 3419 aa.
419 3369 658 3435 septentrionalia.
707 3372 845 3423 dissuasor
861 3380 973 3439 rapotae
990 3386 1085 3424 vacem
1102 3374 1267 3424 anteceden-

97 3436 142 3488 (Ξῖ.
160 3454 185 3487 e.
201 3440 233 3501 5,
257 3436 271 3503 ὁ
291 3441 323 3487 16
338 3444 367 3488 et
391 3442 448 3501 li.;
472 3455 497 3489 a.
515 3443 545 3501 t,
565 3437 579 3504 ὁ
600 3441 657 3502 il.;
708 3445 765 3490 tem
781 3440 894 3507 gloriae.

98 3522 124 3556 e.
139 3509 167 3567 9,
184 3504 199 3571 5
218 3509 242 3555 i.
403 3524 408 3533 ’
741 3510 767 3557 5.
803 3524 871 3572 guae
887 3507 1027 3559 multorum
1044 3508 1220 3575 cagitationes
1235 3510 1268 3561 de

707 3574 869 3641 ambigenda
885 3576 978 3627 mundi
994 3576 1151 3627 aeternitate
1167 3577 1267 3628 soltici-

705 3640 757 3707 tat]
781 3644 800 3692 i.
817 3660 840 3693 e.
860 3659 930 3710 quae
949 3644 1052 3694 mattos
1071 3644 1216 3707 anitioitat,
1236 3652 1267 3697 ut

705 3709 1127 3831 ttfftt'ztttttfflttffltt
1140 3713 1267 3831 ‘tt-'¹¹¹3

706 3846 851 3914 ambigant
891 3819 940 3899 da,
958 3848 1054 3899 mnndi
1089 3798 1265 3900 aeternitati.

706 3913 749 3963 ci.
766 3915 779 3979 ξ
796 3918 821 3965 3.
841 3932 920 3982 quam
939 3921 993 3976 (aa.
1009 3921 1103 3983 apaan)
1122 3917 1154 3967 de
1166 3932 1265 3984 propa-

131 3983 161 4029 ut
171 3976 250 4044 pierre
265 3977 354 4027 animo
366 3975 469 4042 amatia
482 3983 656 4042 aanmmptanr
705 3983 804 4049 ganda
817 3984 871 4035 tate
879 3986 988 4052 gloria.

94 4045 202 4114 gloriae
229 4061 333 4111 eampoa
365 4045 502 4094 dieruaror
531 4043 655 4111 inriarret]
740 4053 765 4101 a.
800 4068 908 4118 eumque
925 4054 966 4103 ita
984 4051 1118 4102 exordium
1137 4066 1223 4100 rernm
1240 4058 1265 4101 et

94 4114 229 4179 „Compar
245 4114 376 4165 abaotuta
395 4110 460 4177 paui
481 4110 543 4162 aine
560 4112 656 4164 addita
705 4117 790 4183 ipsius
816 4119 950 4171 numanae
975 4120 1092 4171 nationis
1119 4116 1265 4184 opinemur]

96 4195 144 4241 ea,
173 4180 253 4231 enine
276 4180 340 4247 qaia
363 4195 477 4245 eampse
500 4180 545 4231 vet
567 4180 657 4245 parti·
703 4183 835 4237 Natanda
853 4194 900 4237 'eat
919 4187 1091 4237 constructio
1110 4184 1190 4235 verbi
1209 4187 1267 4250 opi-

96 4247 564 4313 espininutmoaumaurumaat.
596 4248 655 4317 lgi-
704 4269 767 4313 nor,
792 4252 1264 4319 quamnultiaexemplirpoaaum

97 4318 145 4363 tur
160 4330 210 4379 pra
227 4334 331 4383 compar
347 4315 472 4367 reaeribe
491 4333 572 4377 aaut,
606 4324 656 4369 ant
704 4318 879 4373 confirmare.
914 4322 1067 4374 Dicendum
1086 4328 1147 4371 erat
1164 4326 1213 4372 aut
1233 4322 1266 4372 de

96 4382 169 4447 quad
188 4384 288 4434 metina
308 4385 431 4444 ridetur,
460 4400 564 4449 repone
586 4385 656 4437 eaeti
704 4388 813 4439 exordia
845 4394 895 4441 aut
923 4391 977 4443 tale
1005 4392 1093 4455 fuisse
1120 4388 1263 4441 exordium.

96 4450 543 4571 {mpu'finffl'ssdw'lssgm'
564 4451 656 4575 11Ιὲ
703 4454 762 4536 Pro
777 4457 910 4575 lupanariae
923 4459 1040 4511 natiania
1058 4456 1194 4513 malueris
1214 4474 1264 4528 ge·

114 4544 179 4569 .-
383 4537 417 4573 vo
494 4537 598 4588 eampor
703 4540 775 4575 amaa
809 4542 909 4579 amana.

132 3606 165 3657 de
180 3604 360 3673 propaganda
382 3605 435 3654 late
456 3602 557 3673 gioria]
578 3604 658 3655 Hane

96 3674 268 3739 respondent
292 3671 420 3736 sequenti
447 3672 573 3739 genitivo
597 3675 656 3724 diu·

97 3743 245 3803 tamitana,
264 3746 294 3790 ut
311 3740 396 3805 paulo
413 3755 511 3809 supra:
534 3747 559 3792 et
578 3757 657 3807 quarn

97 3810 260 3860 iatiraime
281 3815 410 3875 uagetur,
438 3813 562 3875 et‘quarn
585 3810 657 3860 diu·

95 3876 223 3929 tiaaime
239 3882 395 3943 perseueret.
571 3873 578 3887 ’
