2950 4992
172 218 196 260 ιι
220 211 224 218 ’
615 183 949 252 PROLEGOMENA.

173 371 219 420 est
237 365 386 427 inventum,
404 363 438 414 ab
455 361 519 413 aliis
542 371 598 410 uon
620 357 675 408 nlsl
693 369 728 407 ex
746 369 803 407 uno
821 367 912 419 copus
929 352 1127 406 recentissimo
1144 351 1245 405 codice
1263 353 1400 406 heldensi

175 458 258 504 etex
276 462 332 502 uno
349 446 471 512 Anglico
493 444 521 509 ⁹)
545 446 685 494 enodatur.

241 535 376 614 Forsitan
393 531 455 594 quis
473 527 613 591 putaverit
631 524 804 576 Macroblum
824 522 1000 574 Ambrosium
1020 521 1067 585 pal
1088 521 1294 584 conscripserit
1313 522 1400 574 Com·
1467 550 1469 578 ι

174 620 326 672 menlarios
347 618 374 668 ln
397 613 536 684 Somnium
564 610 706 673 Scipionis
729 609 814 660 allum
836 609 984 659 luisse·ac
1009 607 1184 657 Macroblum
1207 608 1398 658 Theodosium
1467 580 1469 609 i

174 709 222 772 piri
238 699 426 766 composuerit
441 695 615 748 saturnalia:
648 699 678 744 at
701 705 763 744 cum
788 705 902 755 operum
925 689 1050 755 ipsorum
1073 691 1226 742 similitudo
1246 695 1279 742 ab
1299 694 1397 742 eodem
1467 660 1469 730 i

174 798 290 845 auctore
309 800 343 838 ea
360 783 488 848 prolecta
504 792 571 830 esse
590 781 725 840 testatur,
759 781 977 840 tumultumque
1000 775 1164 826 inscribitur
1186 776 1332 828 Eustochio
1353 775 1398 840 ¹⁰)

175 877 234 929 filio
248 871 389 926 auctoris:
408 872 437 920 et
454 869 556 936 auctor
575 875 685 930 quoque
702 861 790 912 libelli
810 863 844 911 de
863 860 1027 927 differentiis
1044 864 1073 909 et
1088 860 1274 910 societatibus
1294 860 1398 910 Graeci

176 961 323 1024 miliique
341 953 423 1008 verbi
443 952 472 1002 in
494 949 640 1002 codicibus
658 945 739 998 modo
757 945 803 1011 ¹¹)
828 945 978 998 Macrobius
995 943 1149 996 Ambrosias
1168 948 1301 1008 vocatur,
1337 958 1399 993 uro-

177 1051 212 1099 do
231 1046 275 1111 ¹²)
296 1036 445 1094 Macrobius
464 1031 632 1087 Theodosias.

244 1132 269 1180 i.
305 1127 359 1177 Sed
378 1123 448 1173 mira
464 1121 580 1180 iusuper
597 1118 734 1168 adduntur
752 1115 798 1164 vel
815 1113 879 1164 addi
898 1113 1028 1164 dicuntur
1047 1111 1076 1162 ln
1093 1112 1215 1177 singulis
1235 1111 1397 1174 quibusdam

179 1215 324 1269 codicibus
343 1222 409 1259 mss.
430 1203 606 1269 cognomina.

247 1297 279 1364 a)
298 1295 320 1346 (i
327 1307 399 1356 asp.
419 1287 582 1341 barthius
600 1285 628 1336 in
645 1284 797 1337 Adversas.
816 1282 862 1334 lib.
878 1281 1028 1346 XXXVII,
1057 1292 1119 1341 cap.
1135 1279 1191 1329 la:
1227 1279 1277 1344 „ln
1295 1280 1399 1344 artem,

178 1385 277 1450 inquit,
295 1377 402 1431 codicis
420 1372 524 1425 vetusti
541 1370 643 1435 pagina
659 1371 728 1418 haec
746 1369 833 1418 verba
849 1367 1042 1430 reperiunturt
1062 1364 1166 1415 litoius
1184 1362 1249 1413 talis
1263 1370 1315 1414 est:
1333 1363 1400 1413 Mc-

179 1468 260 1524 crobii
280 1460 411 1518 Ambrosii
437 1453 660 1509 Orinioccnsis
682 1453 711 1503 in
738 1451 874 1502 Somnium
895 1450 1029 1517 Scipionis
1051 1447 1272 1500 commentorium
1294 1447 1399 1513 incipit,

179 1559 221 1608 De
238 1551 330 1618 patria
346 1546 395 1598 alii
411 1541 545 1605 viderint,
579 1552 642 1594 nam
660 1536 791 1588 Latinum
808 1537 870 1601 ipse
888 1547 921 1586 se
937 1539 1024 1600 negat
1042 1532 1206 1595 aliquoties:
1241 1535 1269 1580 et
1287 1531 1400 1581 videtur

180 1643 214 1694 ad
238 1631 445 1689 onirocritioam
467 1629 598 1689 spectare
620 1618 809 1685 exscriptor.“
862 1621 942 1680 erac
966 1621 1052 1670 verba
1072 1617 1211 1680 pardulum
1236 1620 1342 1664 murata
1368 1615 1398 1664 in

181 1725 329 1778 editionem
353 1728 431 1766 suam
453 1713 569 1762 alteram
593 1707 641 1772 (ad
662 1719 725 1770 pag.
752 1703 792 1769 1.)
817 1705 926 1768 recepit
949 1705 1060 1754 Isaac.
1083 1703 1273 1763 Pantanus,
1307 1699 1398 1761 iisque

180 1814 203 1862 l.
221 1801 417 1860 Gronovius
436 1793 540 1846 addidit
556 1793 674 1842 haecce:
693 1791 890 1855 „scholiastes
908 1803 1019 1853 quoque
1039 1787 1120 1839 rrnlus
1135 1792 1301 1836 nostrorum
1317 1784 1398 1834 cosp,

181 1894 302 1946 testatur
323 1885 425 1946 triplex
450 1877 561 1930 arrctori
585 1887 684 1926 nomen
706 1875 810 1926 luisse:
849 1874 1000 1925 Macrobius
1018 1870 1171 1924 Ambrosius
1198 1867 1400 1920 orarum„

180 1983 211 2032 ld
237 1978 389 2028 monstrum
417 1965 480 2030 quid
504 1961 558 2012 sibi
582 1961 651 2010 velit
673 1965 723 2010 aut
745 1961 883 2022 quomodo
905 1959 1109 2019 procurandum
1133 1957 1187 2022 sit,
1223 1968 1279 2004 non
1303 1954 1399 2014 liquet.

180 2067 251 2116 Post
267 2052 480 2122 explicationem
496 2046 619 2110 priorum
635 2045 716 2094 duram
735 2046 872 2094 nominum
895 2043 965 2092 idem
984 2041 1155 2090 scholiastes
1177 2039 1268 2086 reddit
1288 2034 1397 2084 onocri-

182 2151 249 2210 sius,
280 2143 353 2208 quod
371 2140 453 2190 antea
472 2131 597 2184 ediderat
619 2127 744 2178 Ornicsis.
788 2129 836 2178 Sic
856 2127 927 2176 euim
946 2125 1052 2188 pergit:
1090 2121 1241 2172 Onocnnns
1257 2115 1343 2168 dictus
1360 2123 1398 2167 est

183 2233 253 2302 quod
269 2226 426 2281 somniorum
446 2217 541 2269 iudex:
567 2213 706 2282 ideo'puia
724 2212 839 2263 ostendit
857 2217 882 2261 et
900 2208 1044 2268 diiudicat,
1063 2222 1131 2273 qnae
1148 2203 1251 2254 somnia
1265 2201 1318 2252 sint
1335 2217 1399 2250 omn

182 2328 207 2372 ct
225 2331 293 2386 quoe
311 2307 414 2376 aliquid
432 2302 580 2370 designent,
597 2305 621 2349 et
640 2313 708 2366 qaue
724 2313 786 2346 non.
823 2294 905 2354 Quali
921 2306 938 2342 e
956 2293 1065 2343 scholio
1084 2291 1115 2340 G.
1132 2288 1237 2339 liarthil
1253 2287 1400 2336 conlectu-

180 2419 239 2458 ram
257 2395 349 2452 batam
368 2389 522 2454 suspicere.
557 2384 588 2435 si
604 2382 671 2434 nihil
691 2381 766 2430 aliud
784 2381 868 2445 latet,
898 2379 1004 2428 trustra
1020 2378 1196 2435 laboramus,
1227 2384 1318 2434 neque
1336 2371 1400 2420 feli-

181 2491 242 2542 clus
262 2489 315 2536 boc
336 2474 482 2531 Macrobio
502 2483 582 2536 quarn
605 2467 666 2519 Caci
683 2463 823 2527 Martiali,
856 2463 957 2512 Plauto
975 2461 1062 2513 ‚Asinii
1080 2451 1219 2509 'vocabula
1237 2452 1399 2506 attributa.“

181 2578 213 2626 lu
230 2573 292 2623 cod.
310 2557 533 2622 urnneraucnsl,
566 2566 639 2605 minc
658 2548 825 2600 Monacensi
843 2547 927 2612 (ut),
959 2546 986 2596 ln
1007 2559 1062 2608 piro
1081 2545 1176 2594 eadem
1198 2547 1282 2605 atque
1300 2541 1328 2590 in
1350 2539 1398 2588 illo

182 2659 281 2712 codice
299 2655 395 2704 inesse
413 2645 542 2696 videntur
559 2637 678 2698 scholia,
696 2635 817 2698 legitur:
842 2631 946 2684 'litatus
961 2647 1024 2682 aero
1038 2629 1102 2681 talis
1117 2636 1169 2678 est.-
1189 2625 1318 2678 Macrobii
1334 2628 1398 2675 An-

182 2742 262 2796 brosii
286 2728 489 2787 Orinecrcsis
505 2726 533 2776 in
554 2721 689 2774 Somnium
712 2718 845 2784 Scipionis
863 2723 1033 2768 commentum
1052 2712 1155 2778 incipit,
1173 2717 1203 2760 et
1219 2711 1305 2760 inira:
1328 2707 1399 2758 Ori-

182 2820 328 2879 nccresis
343 2816 398 2867 siae
418 2807 581 2862 Oricresis
598 2805 683 2855 dictus
697 2807 735 2852 esi
752 2801 845 2868 qnasi
858 2803 1016 2851 somniorum
1033 2798 1123 2857 indes,
1141 2795 1199 2846 idco
1214 2795 1320 2855 scilicet,
1338 2792 1401 2858 pain

183 2907 297 2964 ostendit
316 2909 341 2954 ci
363 2893 520 2950 diiudicabit
542 2905 609 2956 puae
630 2886 732 2938 somnia
754 2901 818 2935 aera
841 2889 912 2934 sunt
935 2890 960 2933 et
980 2897 1047 2947 puae
1074 2881 1179 2946 aliquid
1200 2880 1354 2946 designant
1376 2881 1400 2926 et

184 3011 253 3066 pune
272 3007 335 3042 non.
386 2979 492 3034 Similia
512 2974 690 3029 inveniuntur
708 2971 736 3021 in
759 2967 858 3019 codice
875 2967 1028 3028 ilerdensi,
1062 2965 1126 3016 olim
1146 2963 1295 3026 bongarsii
1315 2961 1399 3023 (lit):

185 3074 336 3134 Macrobius
354 3069 564 3125 otimcrctcs,
584 3058 632 3110 boc
649 3063 687 3108 est
706 3053 865 3105 somniorum
883 3051 964 3101 iudea
981 3050 1023 3099 oei
1041 3048 1182 3115 interpres,
1205 3052 1235 3096 et
1250 3044 1399 3095 irs-codice

181 3155 374 3224 Frisiugensi‚
403 3162 476 3202 utrnc
494 3143 659 3197 Monacensi
679 3141 748 3206 (ωε
779 3135 929 3188 Macrobius
943 3133 980 3184 ho
1063 3141 1125 3196 res,
1142 3132 1171 3182 id
1188 3137 1226 3183 «η
1244 3130 1400 3181 ,omniorum

180 3253 316 3315 interpres.
351 3240 428 3290 Unde
445 3235 561 3296 apparet
579 3227 645 3279 csse
666 3238 761 3276 veram
781 3221 812 3274 G.
829 3219 932 3270 liartbii
950 3219 1139 3269 coniecturam
1156 3222 1185 3266 et
1203 3217 1273 3265 haec
1292 3227 1402 3277 cogno-

181 3335 255 3386 mina
273 3328 436 3387 corruptae
456 3321 567 3370 Graeco
586 3305 778 3376 ὀνειροκρίτης.
813 3307 918 3357 lloderu
935 3303 1076 3366 pertinere
1096 3302 1206 3352 videtur
1222 3301 1250 3350 id
1268 3301 1342 3364 quod
1359 3301 1401 3349 le-

182 3421 259 3487 gitur
275 3417 304 3467 in
321 3412 383 3463 cod.
399 3403 549 3468 liehdiger.
568 3398 609 3463 1.,
632 3391 793 3449 Menicrmis.
911 3437 917 3446 ,
1054 3435 1059 3441 ,

197 3491 203 3504 ’
250 3501 281 3566 b)
300 3499 391 3550 Alex.
408 3483 633 3544 Wilthemius
650 3480 679 3529 in
699 3474 853 3539 appendice
870 3473 905 3522 ad
923 3471 1083 3533 Diptychon
1098 3469 1261 3520 Leodiensc
1287 3467 1402 3532 (heodii

183 3583 330 3646 lbbss‘iol.)
349 3595 376 3643 p.·
393 3579 433 3628 4.:
452 3565 619 3640 „Macrobii,
637 3560 824 3644 inquit31iber
841 3555 1055 3606 Maximinianos
1072 3555 1165 3618 (quem
1184 3567 1271 3616 supra
1293 3554 1402 3602 dixerat

101 3721 103 3725 .
183 3667 314 3724 coenubii
332 3665 374 3716 sti
391 3653 547 3716 Maximini)
565 3651 606 3700 ita
623 3649 731 3718 duobus
750 3641 823 3691 locis
843 3640 920 3690 varie
940 3639 1078 3700 Macrobii
1095 3652 1194 3688 nomen
1214 3637 1309 3702 affert,
1345 3650 1401 3686 uno

182 3760 263 3808 loco:
294 3742 472 3800 thltolill
491 3731 664 3788 AMBliOSdl
682 3725 880 3780 THEODOSM
896 3724 1087 3776 slcuulul
1106 3725 1153 3772 DE
1173 3722 1312 3773 sssMh'lO
1330 3722 1403 3772 Scl-

181 3839 300 3892 Plouls
326 3829 433 3883 bibuli
453 3827 474 3875 l.
527 3819 591 3874 Alio
620 3817 702 3864 loeo:
739 3809 917 3860 thuoull
945 3808 1121 3858 AMBROSM
1143 3808 1178 3857 V.
1202 3807 1233 3858 0.
1257 3809 1304 3856 ΕΤ
1330 3807 1402 3856 le.

183 3909 390 3980 COMMENTA
409 3911 459 3964 EX
476 3901 660 3958 cressonis
678 3899 714 3948 lu
728 3895 895 3947 §OMNIUM
912 3892 1120 3944 Scll’loh'ls.“
1155 3893 1233 3942 istuc
1247 3891 1403 3942 slGE'l'lNl

181 4016 215 4064 A.
233 4003 343 4062 Mahul
361 3991 407 4066 ¹³)
431 3992 540 4060 putavit
563 3981 726 4051 siguificare
749 3979 887 4032 Macrobii
909 3971 1027 4042 patriam
1047 3975 1108 4043 ¹⁴),
1139 3977 1193 4027 sed
1213 3989 1249 4027 ea
1272 3989 1344 4040 quae
1366 3989 1402 4026 ex

183 4092 694 4218 muribus
711 4133 783 4186 locis
800 4137 828 4184 et
844 4130 960 4182 Barocc.
975 4127 1003 4180 in
1022 4127 1161 4196 principio
1179 4126 1323 4180 Saturnini.
1365 4125 1370 4132 ’

251 4220 552 4284 usstandandam
573 4204 752 4259 scribendum
774 4207 818 4252 est
842 4216 877 4251 ex
898 4197 1022 4250 omniurn
1047 4197 1108 4248 fere
1130 4197 1259 4250 codicum
1280 4192 1403 4248 auctori·
1467 4210 1468 4227 ι

181 4301 248 4354 tate,
267 4309 331 4354 non,
350 4286 485 4352 divulgo
503 4279 618 4348 legitur,
637 4271 819 4335 Eustatbins,
844 4281 927 4334 quum
949 4267 1064 4333 quidem
1081 4265 1204 4318 nominis
1221 4266 1341 4318 formum
1359 4280 1404 4315 rc-

183 4362 259 4430 cepit
275 4357 426 4411 Planudcs·

252 4431 296 4489 Η]
315 4425 346 4476 in
365 4423 425 4474 cod.
444 4416 535 4471 Paris.
553 4401 621 4466 lise
638 4409 666 4462 in
683 4403 808 4472 excerpti
824 4400 1017 4468 inscriptione.

248 4500 291 4556 ¹²)
310 4492 419 4545 Ibidem
436 4486 519 4538 iniis
537 4497 608 4548 quac
626 4475 747 4530 subiecit
764 4477 921 4538 excerptor,
937 4476 966 4521 ct
983 4468 1091 4526 incod.
1112 4466 1227 4518 vindob.
1247 4467 1289 4526 iti,
1305 4463 1339 4513 R.
1359 4465 1401 4512 85.

177 4576 237 4636 (pp.
250 4560 381 4616 Endiich.
401 4575 426 4624 p.
447 4548 628 4608 cccxxii),
647 4545 675 4596 in
693 4557 748 4609 quo
766 4540 875 4607 legitur
891 4538 942 4590 tol.
956 4541 1002 4588 ill
1019 4553 1043 4587 v.
1065 4534 1228 4588 'theodosius
1243 4531 1402 4584 Macrobius.

246 4637 290 4692 ¹³)
309 4629 351 4681 cl.
371 4619 557 4678 dissertation
574 4612 747 4677 historiquc,
768 4605 908 4660 litltrairc
926 4611 955 4660 ct
971 4602 1224 4672 bibliographiquc
1242 4616 1292 4652 sur
1309 4599 1339 4654 la
1356 4597 1403 4650 sio
1467 4650 1468 4669 ἶ
