2950 4992
255 153 730 264 commurmuratus.
773 155 849 220 LlB.
872 156 909 220 ll.
955 156 1044 223 ChP.
1066 156 1120 223 111.
1215 161 1275 225 145

98 329 253 395 Camenas
275 325 363 412 quasi
386 322 518 391 can'enas
538 346 557 389 a
575 325 713 390 canendo
734 324 889 389 dixerunt.
931 326 1005 391 Ideo
1024 348 1133 394 canere
1155 330 1274 395 caelum

98 416 193 480 etiarn
216 412 351 497 theologi
372 412 598 496 conprobantes
619 432 714 475 sonos
733 410 867 475 musicos
885 412 1040 478 sacrificiis
1057 414 1275 494 adhibuerunt,

97 500 153 585 qui
174 499 255 584 apud
278 499 354 563 alios
378 498 442 582 lyra
465 498 512 562 vel
534 496 660 572 cithara,
683 496 765 582 apud
784 495 950 560 nonnullos
974 498 1057 562 tibiis
1080 500 1185 566 aliisve
1208 524 1275 567 mu-

97 586 169 650 sicis
194 584 426 660 instrumentis,
453 582 519 647 lieri
548 582 697 646 solebant
741 585 777 647 ln
807 581 880 665 ipsis
904 602 1029 667 quoque
1051 583 1172 669 hymnis
1202 586 1303 655 deo-5

97 692 167 735 rum
190 692 246 755 per
267 668 427 754 stropham
456 678 489 732 et
511 668 735 754 antistropham
767 675 863 731 metra
886 668 1007 733 canoris
1028 669 1167 735 versibus
1189 672 1274 736 adhi-

98 756 261 831 bebantur,
282 764 319 820 ut
340 774 395 839 per
416 753 575 839 stropham
597 764 700 819 rectus
721 753 805 819 orbis
826 750 965 817 stelliferi
986 760 1099 831 molus,
1120 776 1175 839 per
1196 758 1274 821 anti-

97 842 256 926 stropham
285 841 426 906 diversus
455 834 610 924 vagamm'
628 861 787 924 regressus
814 838 1056 924 praedicaretur:
1097 860 1135 905 cx
1161 841 1275 926 quihus

97 927 219 993 duobus
242 926 379 991 motibus
403 924 520 1008 primus
542 926 574 989 in
596 934 705 991 natura
737 925 871 1011 hymnus
893 923 1041 989 dicandus
1062 924 1120 991 deo
1143 928 1276 1012 sumpsit

96 1012 271 1078 exordium.
325 1011 470 1075 Mortuos
499 1030 624 1096 quoquc
659 1010 698 1075 ad
732 1010 922 1093 sepulturam
955 1012 1099 1096 prosequi
1129 1013 1305 1097 oportereli

96 1120 168 1163 cum
187 1104 280 1161 cantu
301 1095 503 1179 plurimarum
524 1096 662 1181 gentium
688 1096 735 1160 vel
760 1095 919 1179 regionum
943 1095 1081 1161 instituta
1105 1108 1276 1165 sanxerunt

97 1182 299 1269 persuasione
322 1180 394 1257 hac,
426 1201 488 1265 qua
508 1189 579 1266 post
599 1202 710 1266 corpus
731 1181 851 1245 animae
874 1180 912 1244 ad
932 1181 1082 1263 originem
1103 1182 1273 1251 dulcedinis

98 1269 250 1345 musicae,
285 1265 315 1330 id
335 1274 382 1331 est
401 1266 439 1329 ad
462 1266 595 1344 caelum,
628 1267 731 1333 redire
750 1266 923 1331 credantur.
966 1266 1045 1332 Nam
1072 1266 1142 1331 ideo
1162 1270 1194 1332 in
1218 1270 1301 1336 hacl

97 1354 162 1418 vita
184 1352 285 1417 omnis
306 1352 407 1415 anima
430 1352 554 1417 musicis
577 1354 661 1417 sonis
683 1352 811 1437 capitur,
833 1359 869 1415 ut
891 1371 953 1413 non
974 1351 1030 1415 soli
1054 1351 1199 1436 quisunt
1220 1354 1273 1419 ha·

96 1438 166 1503 bitu
193 1438 337 1503 cultiores
364 1457 470 1502 verum
499 1438 662 1503 universae
681 1458 807 1523 quoque
834 1436 981 1501 barbarae
1003 1438 1143 1501 nationes
1165 1446 1272 1503 cantus

61 1580 68 1597 ,
98 1524 212 1609 quihus
239 1524 284 1589 vel
313 1522 351 1587 ad
378 1522 518 1603 ardorem
547 1524 670 1590 virtutis
698 1528 875 1587 animentur
901 1522 947 1586 vel
975 1522 1012 1586 ad
1036 1522 1196 1587 mollitiem
1220 1546 1272 1590 vc·

96 1609 224 1695 luptatis
244 1609 439 1674 resolvantur
459 1618 636 1687 exerceant,
675 1609 746 1694 quia
770 1609 801 1673 in
827 1629 940 1693 corpus
967 1606 1065 1671 defert
1090 1610 1271 1675 memoriam

95 1696 232 1761 musicae
253 1694 341 1760 cuius
364 1694 501 1759 incaelo
525 1695 584 1759 tuit
610 1694 747 1773 conscia,
786 1694 880 1759 etita
903 1692 1118 1759 delenimentis
1146 1695 1271 1761 canticis

895 1865 980 1927 [Edd.
999 1863 1201 1933 vicahgspdah.
1255 1914 1266 1941 ι

98 1948 239 2015 v·g(ehg
260 1946 287 1999 ia
308 1966 363 2016 mg.
380 1950 417 1999 al.
438 1950 573 2011 Hetrusca]
593 1949 797 2001 11Ρ6112113ου.
817 1942 947 2013 „chart.²‘
967 1949 1052 2001 Gran.
1092 1952 1273 2015 eliamsciuat
1327 1960 1332 1969 “

96 2025 166 2078 (orn.
186 2018 305 2075 litrnscs]
328 2020 384 2070 a·b.
424 2017 505 2079 „Non
528 2019 624 2070 diabilo
642 2020 709 2084 qsrin
728 2016 876 2083 scripserit
893 2024 1012 2083 'aneson
1044 2019 1124 2070 etiarn
1142 2020 1273 2073 Etrusci

96 2087 235 2137 scierant.
272 2086 351 2151 Quod
376 2088 495 2151 probare
517 2088 616 2139 multis
639 2087 713 2139 nihil
736 2087 853 2149 attinet,
885 2103 946 2137 cum
965 2086 1102 2137 Etruscan
1122 2086 1273 2141 circaista

95 2170 178 2204 sacra
204 2154 371 2219 disciplinae
398 2153 425 2204 iu
455 2162 578 2207 veterum
600 2154 682 2206 libris
708 2171 791 2220 qssasn
818 2156 938 2205 maxime
965 2154 1022 2205 sint
1047 2151 1273 2221 τεθρνλλημέναι.

94 2221 157 2273 Nisi
172 2222 244 2273 forte
262 2222 361 2272 malis:
380 2230 405 2274 ct
419 2226 518 2289 prisci
534 2226 692 2276 scierunt.“
712 2223 798 2274 Gran.
813 2252 847 2261 —
865 2223 939 2290 apud
955 2222 1023 2272 alios
1040 2222 1198 2287 ydraulis
1213 2224 1272 2288 lyra

95 2290 127 2341 F.
155 2318 183 2327 --
216 2299 246 2341 et
265 2291 376 2355 cythara
395 2307 455 2357 v·g.

607 2296 625 2341 ὅ
668 2308 803 2357 vagarum
823 2306 967 2341 recursus
986 2288 1016 2339 0.
1037 2316 1071 2325 -
1094 2290 1197 2354 primus
1215 2291 1273 2355 qni

93 2366 141 2410 est
159 2360 309 2423 stellifer
327 2358 399 2409 liare.
419 2387 450 2396 -
466 2360 562 2424 ymnis
582 2354 721 2424 (sirpus)
742 2359 873 2408 dicandus
891 2356 922 2407 F.
957 2358 1054 2421 ymnis
1071 2359 1147 2420 (sup.
1167 2361 1211 2415 us)
1231 2358 1273 2408 di·

94 2429 198 2477 canrlis
217 2433 293 2491 (sup.
310 2430 355 2485 ns)
376 2424 405 2475 0.
431 2454 465 2463 -
488 2428 609 2477 dearum
627 2428 672 2477 sit
690 2432 766 2490 (sup.
785 2426 833 2474 deo
850 2424 976 2488 sumpsit)
995 2422 1026 2473 l't'.
1062 2424 1184 2473 deornm
1202 2441 1274 2475 sum-

93 2496 149 2562 psit
167 2501 243 2557 (sup.
259 2494 302 2543 cel
320 2494 382 2553 dea)
406 2492 437 2543 0.

590 2496 615 2542 6.
651 2493 693 2543 cel
713 2493 875 2559 religionum
900 2507 919 2557 g
940 2489 967 2539 in
991 2506 1047 2555 mg.
1099 2490 1140 2539 cel
1161 2492 1210 2541 reli
1234 2493 1272 2543 ia-

94 2560 308 2619 sorumctltl
328 2576 419 2610 usec.
438 2562 498 2617 ιιι).
528 2588 560 2595 -
593 2576 646 2625 pua
668 2554 900 2623 recusus-guo.
936 2556 1001 2618 „lta
1023 2554 1135 2622 quidem
1161 2558 1218 2625 legi
1241 2576 1273 2610 us

95 2627 257 2693 elegantiae
274 2627 442 2689 cornemium,
459 2626 508 2675 sed
527 2642 589 2688 curn
610 2634 704 2675 noster
719 2624 799 2687 alibi,
819 2632 849 2674 nt
868 2640 892 2671 c.
907 2626 924 2672 2
942 2623 965 2690 [ᾗ
979 2622 1032 2689 23.]
1051 2623 1192 2690 particula
1210 2628 1274 2694 quia

96 2712 147 2761 pro
165 2696 248 2760 qnod,
274 2700 336 2755 urst,
360 2696 432 2757 quod
452 2695 530 2760 leges
550 2692 665 2759 linguae
683 2693 814 2757 suadent,
838 2708 888 2757 pro
906 2690 1070 2743 accusativo
1087 2698 1116 2743 et
1133 2691 1273 2747 infinitivo

96 2767 208 2821 utatur,
233 2778 300 2810 vero
320 2760 414 2810 simile
434 2768 489 2818 est,
512 2758 559 2809 hic
579 2778 688 2827 qnoque
706 2762 804 2828 quia'a
824 2774 906 2810 manu
923 2759 1048 2810 anactoria
1068 2761 1160 2811 esse.“
1186 2762 1273 2813 Zeno.

97 2830 171 2895 qaia
195 2827 231 2888 (0
254 2845 315 2894 sup.
339 2827 403 2887 lin.)
428 2827 580 2879 s-nPurul.

734 2834 758 2879 t.
794 2846 848 2879 nors
872 2828 963 2878 soluru
989 2826 1025 2887 (0
1044 2843 1060 2879 a
1078 2844 1134 2878 sec.
1153 2834 1203 2888 m.)
1226 2830 1271 2881 FP

96 2913 151 2962 v-g
170 2895 208 2955 (0
228 2895 255 2946 in
275 2900 356 2954 ιιι).
375 2924 408 2933 -
424 2896 545 2947 nationes
561 2894 691 2947 barbarae
707 2895 740 2947 F.
756 2926 789 2934 —
808 2896 993 2947 revolvantur
1011 2902 1086 2961 (sup.
1105 2902 1169 2957 res.)
1189 2896 1219 2948 F.
1241 2927 1269 2937 -

98 2966 165 3032 quia
181 2965 290 3015 anima
307 2965 339 3014 in
357 2981 450 3032 corpas
467 2964 549 3015 s-hl).
585 2966 648 3032 qnia
664 2966 774 3016 aalma
791 2981 883 3032 eorpus
902 2963 932 3014 P.
954 2992 982 3001 -
1003 2964 1031 3015 ia
1051 2966 1124 3017 eaelo
1201 2968 1272 3034 quod

136 3134 305 3184 Camenas..
325 3150 342 3181 a
359 3132 488 3198 cauendo]
508 3130 550 3183 Cl.
569 3132 657 3183 Varro

95 3202 128 3252 L.
151 3199 181 3249 h.
206 3200 269 3262 tlt,
299 3200 369 3266 §.26
391 3218 448 3266 seq.
488 3200 588 3251 Festus
611 3217 655 3266 ap.

93 3268 174 3321 Paul.
190 3268 241 3328 111,
261 3286 285 3333 p.
301 3272 335 3318 43
354 3268 451 3319 blaseii.
488 3268 603 3320 Servius
621 3269 655 3320 ud

94 3338 173 3403 virg.
189 3337 250 3385 Eat.
268 3336 320 3397 lli,
344 3353 371 3385 v.
388 3341 431 3385 59.
582 3358 603 3384 η

130 3405 268 3468 conficite
286 3404 472 3468 adlss'brserunt]
493 3402 535 3453 01.
552 3402 656 3453 Censo-

95 3472 150 3525 rin.
169 3476 214 3532 12,
233 3476 274 3532 2.,
293 3472 424 3521 Martinn.
444 3472 498 3534 111,
517 3473 608 3533 1921.

129 3546 157 3592 5.
191 3540 261 3592 orbis
278 3540 401 3604 stelliferi
417 3547 503 3590 actas
521 3539 585 3605 ete]
614 3538 657 3590 Cl.

96 3608 147 3660 lih.
166 3607 189 3672 1,
209 3626 233 3656 c.
252 3611 293 3659 18.

129 3681 157 3727 ὃ.
195 3676 313 3727 Mortuos
343 3690 444 3741 qnoque
474 3674 511 3724 ad
541 3673 659 3740 sepultu—

95 3760 155 3797 ram
183 3744 307 3810 prosequi
334 3750 453 3807 oportere
480 3759 537 3791 eura
567 3741 658 3806 tantu]

65 3853 67 3858 .
97 3813 193 3875 „Hinc
210 3812 282 3877 apud
301 3810 559 3875 Gloasogrnphnrn:
580 3801 661 3873 ripum

97 3877 143 3932 ἐπὶ
163 3876 218 3929 sain
235 3877 352 3943 νεκρῶν,
373 3878 501 3941 naeniae,
536 3882 564 3927 et
586 3876 660 3940 apud

96 3948 242 4015 Ageltinsn
262 3945 351 4011 [Gall.
369 3944 434 4008 1111,
458 3948 490 4006 2,
511 3944 548 4010 a]
569 3944 661 3995 Silici-

96 4034 144 4067 nes
165 4016 245 4074 alieti,
277 4014 347 4079 quod
369 4014 442 4079 apud
458 4014 535 4070 sitos,
571 4012 600 4063 id
623 4019 661 4063 est

96 4085 155 4137 cita
163 4086 281 4147 sanctos,
292 4082 428 4131 canebant.
458 4081 566 4145 Quales
581 4086 661 4130 erent

97 4160 128 4203 et
144 4150 300 4216 praelians,
327 4148 382 4198 nisi
402 4149 475 4213 quod
494 4147 661 4199 lamentabi-

99 4220 268 4275 liutherum
288 4216 375 4268 tuerit
390 4217 517 4283 clangor.
551 4216 662 4266 Macro·

99 4286 165 4336 hias
189 4288 282 4337 antem
308 4285 364 4335 hoc
396 4286 459 4335 loco
487 4285 660 4350 quarundam

101 4352 228 4420 gentium
241 4352 384 4419 peculiare
398 4352 557 4404 institutum
573 4358 661 4413 notat,

100 4419 202 4485 quihus
219 4421 372 4471 hilariores
389 4427 470 4473 erant
488 4426 516 4471 et
534 4420 661 4484 gauden-

101 4495 147 4541 tes
173 4488 315 4553 eseqnise.
349 4489 385 4539 Et
409 4488 501 4546 addit:
528 4489 579 4539 liae
598 4504 659 4555 per·

101 4554 226 4611 seesima
252 4590 277 4606 ..
299 4555 336 4605 arl
363 4557 464 4609 eaelum
488 4557 577 4609 redire
604 4570 660 4607 cse-

708 3134 815 3184 dantur.
851 3130 994 3186 Fortassis
1017 3132 1111 3200 itaque
1138 3139 1166 3187 et
1188 3134 1272 3189 Chri-

708 3200 863 3251 stianorum
887 3219 920 3252 eo
944 3218 1013 3254 aevo
1032 3202 1104 3253 ritas
1121 3202 1170 3255 hic
1188 3220 1271 3271 aspe-

708 3270 782 3319 xerit
811 3269 943 3320 Arri-elius
977 3269 1008 3336 [i.
1036 3287 1060 3321 e.
1087 3271 1272 3339 Macrobius].

707 3337 741 3387 D.
764 3336 955 3403 Hieronymus
985 3338 1012 3388 in
1042 3339 1140 3389 lunera
1168 3338 1272 3391 Fabio-

708 3405 767 3455 lac:
789 3406 925 3457 Sonabant
937 3407 1036 3473 psalmi
1052 3414 1077 3457 et
1093 3414 1190 3457 aurata
1206 3414 1271 3459 tesa-

706 3474 812 3539 plorum
830 3474 940 3524 reboans
958 3474 987 3524 ia
1004 3474 1114 3524 sublime
1136 3476 1272 3540 quatiebat

708 3540 825 3600 aleluia,
859 3540 906 3591 uhi
924 3541 1039 3592 adnotat
1061 3541 1271 3595 eruditissimus

709 3607 894 3659 scholiastes:
918 3610 1068 3661 Canabatur
1080 3610 1180 3661 aleluia
1194 3614 1272 3679 quasi

709 3676 907 3743 gratulantium
924 3678 995 3743 arrad
1013 3679 1140 3731 evolasset
1158 3681 1195 3731 ad
1214 3698 1272 3732 eoe-

710 3744 796 3794 lum.“
816 3744 903 3795 Pons.
926 3774 961 3783 -
986 3744 1025 3794 De
1044 3744 1209 3799 Christiana
1228 3748 1272 3797 di-

711 3811 832 3929 {llll'i
860 3812 974 3932 ”illi
994 3814 1273 3933 ,tttttttr‘t
1331 3834 1339 3849 ’

710 3919 822 4011 euadit,
843 3918 901 3997 ’cel
919 3898 989 3999 inste
1000 3950 1044 4020 ad
1061 3898 1154 4015 sorbus
1172 3898 1273 4012 veniat,

711 4016 769 4066 alin
788 4014 903 4066 similia.
924 4016 1069 4075 ,Martiana
1089 4015 1141 4079 111,
1165 4015 1271 4079 §ms

710 4085 817 4151 irasque
833 4084 935 4147 inferas
950 4100 997 4151 per
1009 4084 1121 4134 naenias
1139 4083 1272 4134 sedavere.

744 4158 768 4202 t.
804 4152 898 4217 quibus
911 4188 917 4201 .
929 4189 935 4200 .
949 4150 1124 4215 resolvantur]
1144 4149 1186 4200 01.
1197 4150 1273 4201 Mar·

711 4218 779 4271 tien.
795 4218 843 4281 111,
861 4218 940 4283 §925
953 4236 1005 4284 sq.,
1022 4217 1168 4269 Censorin.
1189 4222 1228 4279 12,
1245 4222 1272 4269 3.

744 4288 773 4336 in
793 4302 886 4353 corpus
906 4288 992 4345 defert
1017 4286 1168 4338 memoriam
1190 4286 1274 4337 rausi·
1324 4327 1326 4333 .

710 4354 768 4418 cae]
794 4354 893 4416 „Haec
912 4370 1020 4420 quoqne
1042 4352 1157 4419 sapiant
1175 4353 1273 4405 Plato·

710 4420 847 4483 nismum,
882 4438 932 4471 seu
966 4420 1060 4488 potius
1082 4422 1274 4489 ⁴Pythagorae

711 4487 886 4553 opinionem,
921 4490 968 4555 qui
988 4490 1131 4543 statuebat
1150 4483 1203 4557 ’τὴν
1221 4486 1273 4569 pp‘-

710 4556 796 4622 θησιν
825 4555 899 4608 nihil
929 4574 992 4611 esse
1023 4556 1079 4611 nisi
1111 4551 1272 4625 ἀνάμνησιν.

1081 4648 1122 4714 10
