2950 4992
157 128 199 195 72
635 119 843 191 Mutuom

159 294 309 376 moniam,
347 292 420 392 quia
441 291 559 380 primus
580 290 625 358 cis
643 299 747 358 motus
769 313 786 358 a
809 291 906 357 lacteo
928 289 1036 377 incipit
1062 289 1243 378 incorpora
1264 299 1328 358 ter-

158 401 233 445 rena
256 379 438 444 labentibus.
479 377 568 444 Unde
596 385 627 443 et
649 377 784 463 Scipioni
806 377 844 443 de
872 376 982 441 animis
1010 376 1172 441 beatorum
1202 385 1354 442 ostensos

129 465 256 531 dlacteo
283 464 479 528 dictumest:
511 463 594 528 Hanc
606 464 739 550 profecti
762 463 821 528 hue
840 473 1036 527 revertuntur.
1094 462 1180 546 Ergo
1200 462 1328 528 desecu-

159 569 250 614 surae
271 569 340 613 cum
362 546 515 612 adhuciu
537 547 656 614 Cancro
678 555 765 624 sunt,
802 546 947 633 quoniam
971 545 1032 610 illic
1052 546 1171 631 positae
1195 549 1328 613 necdum
1410 591 1414 596 -

108 633 292 715 [collacteam
313 632 369 696 reli
393 639 522 710 uerunt,
550 632 649 697 adhuc
670 633 703 696 iu
725 653 854 697 numero
876 638 948 697 sunt
969 630 1107 695 deorum.
1149 630 1229 697 Cum
1252 653 1328 698 vero

159 718 197 783 ad
221 719 356 782 Leonem
372 653 510 781 labendo
532 718 743 802 pervenerint,
780 717 841 782 illic
864 715 1049 782 conditionis
1076 715 1197 780 suturae
1223 719 1328 802 auspi-

159 811 269 867 cantur
296 802 466 867 exordium.
516 802 559 868 Et
585 803 658 888 quia
687 803 719 867 in
744 803 848 867 Leone
875 808 948 867 sunt
980 801 1153 866 rudimenta
1181 802 1327 868 nascendi

160 899 193 952 et
213 887 363 973 quaedam
386 885 539 951 humanae
561 896 689 952 naturae
708 887 857 966 tirocinia,
878 885 1035 972 Aquarius
1055 892 1159 950 autem
1180 886 1326 952 adversus

115 1005 119 1021 ·
158 972 257 1037 Leoni
277 980 324 1036 est
345 980 377 1035 et
396 971 449 1036 illo
472 971 591 1036 oriente
609 993 681 1036 mor
706 973 830 1038 oceidit:
871 971 956 1050 ideo,
994 991 1064 1036 cum
1088 971 1132 1034 sol
1154 971 1325 1056 Aquarium

159 1063 261 1130 tenet,
287 1055 433 1120 Manibus
455 1063 647 1141 parentatur,
678 1065 786 1143 utpote
807 1058 838 1122 iu
860 1056 948 1142 signo
970 1055 1054 1141 quod
1074 1054 1227 1120 humanae
1246 1056 1326 1121 vitae

129 1140 347 1210 dcoutrarium
375 1140 423 1206 vel
443 1140 604 1207 adversum
626 1142 750 1208 teratur.
797 1141 885 1207 lllinc
911 1161 1000 1226 ergo,
1032 1140 1063 1204 id
1086 1148 1134 1205 est
1155 1161 1173 1205 a
1195 1141 1329 1206 coulinio

161 1245 224 1310 quo
244 1245 277 1289 se
295 1224 438 1290 zodiacus
457 1226 634 1313 lacteusque
655 1226 847 1312 contingunt,
867 1226 968 1291 anima
987 1225 1176 1290 descendens
1194 1247 1211 1291 a
1229 1227 1333 1306 tereti,

163 1330 242 1396 qnae
263 1310 328 1374 sola
348 1310 445 1374 lorma
467 1311 569 1376 divina
592 1321 647 1390 est,
667 1313 699 1376 iu
720 1333 833 1378 conum
855 1311 1019 1377 dcllueudo
1040 1310 1230 1396 producitur,
1252 1313 1332 1376 sicut

162 1401 314 1480 apuncto
336 1395 472 1460 nascitur
493 1396 573 1461 linea
595 1405 627 1462 et
648 1396 680 1461 in
700 1398 827 1482 longum
850 1419 887 1462 er
909 1396 1066 1462 individuo
1088 1395 1243 1479 procedit:
1274 1396 1331 1461 ihi-

162 1501 223 1564 que
243 1499 261 1543 a
283 1489 397 1565 puncto
419 1502 490 1559 suo,
540 1482 600 1546 uod
621 1491 668 1548 est
689 1503 812 1558 monas,
846 1482 981 1548 venitin
1003 1480 1146 1566 dyadem,
1179 1489 1330 1566 quaeest

132 1563 261 1649 liprima
286 1566 460 1650 protractio.
536 1575 549 1631 t
576 1567 651 1633 haec
678 1575 725 1632 est
752 1567 885 1632 essentia
918 1587 1009 1653 quarn
1036 1564 1224 1629 individuam
1256 1585 1329 1630 ean-

163 1648 295 1734 demque
323 1650 476 1715 dividuam
500 1651 588 1717 Plato
616 1652 647 1716 in
669 1653 813 1730 Timaeo,
853 1673 923 1718 cum
950 1651 987 1717 de
1013 1650 1184 1716 mundanae
1208 1650 1329 1725 animae

163 1733 276 1799 fabrica
299 1735 493 1820 loqueretur,
522 1737 681 1822 expressit
726 1739 859 1803 Animae
881 1737 978 1814 enim,
1007 1736 1087 1802 sieut
1106 1735 1214 1800 mundi
1236 1736 1277 1800 ita
1299 1743 1333 1802 et

163 1818 297 1883 hominis
317 1821 424 1897 unius,
462 1821 554 1886 uredo
574 1822 733 1888 divisionis
755 1823 971 1908 repperientur
991 1823 1130 1906 ignarae,
1165 1821 1190 1886 si
1212 1821 1333 1887 divinae

164 1912 291 1969 naturae
314 1905 491 1990 simplicitas
512 1907 679 1991 cogitetur,
700 1908 792 1972 modo
815 1929 955 1994 capaces,
977 1928 1047 1971 cum
1067 1907 1117 1971 illa
1140 1927 1196 1991 per
1215 1907 1334 1986 mundi,

135 1987 240 2053 'lhaec
259 2009 315 2075 per
334 1989 467 2055 hominis
488 1992 626 2056 membra
648 1992 840 2058 diffunditur.
882 1992 994 2058 Anima
1013 2012 1087 2075 ergo
1107 2012 1176 2056 cum
1198 1991 1335 2057 trahitur

164 2073 203 2138 ad
223 2094 343 2159 corpus,
363 2075 395 2138 in
420 2074 476 2139 hac
498 2077 595 2161 prima
617 2077 665 2143 sui
684 2077 887 2176 productione
907 2077 1078 2141 silvestrem
1099 2075 1278 2150 tumultum,
1301 2077 1335 2142 id
1391 2151 1396 2164 .

165 2165 213 2222 est
228 2153 327 2241 ὕλην,
351 2159 531 2225 induentem
552 2161 610 2226 sihi
632 2162 739 2248 incipit
756 2160 898 2246 experiri.
940 2162 983 2224 Et
1002 2158 1060 2224 hoc
1078 2159 1223 2243 estquod
1242 2161 1334 2226 Plato

165 2243 283 2307 notavit
305 2243 336 2306 iu
357 2244 539 2323 Phaedone,
559 2247 692 2311 animam
715 2247 747 2311 in
769 2267 880 2331 corpus
901 2243 981 2309 trahi
1002 2263 1080 2308 nova
1101 2243 1249 2308 ebrietate
1269 2253 1333 2310 tre-

166 2327 332 2412 pidantem,
350 2330 456 2396 voleus
473 2352 587 2395 novum
608 2340 715 2417 potum
736 2329 901 2396 materialis
922 2328 1084 2396 alluvionis
1103 2328 1248 2414 intellegi,
1268 2351 1333 2416 quo

136 2411 303 2481 8delihuta
329 2422 362 2482 et
388 2423 512 2502 gravata
539 2417 710 2485 deducitur.
768 2414 905 2485 Archaui
931 2414 1023 2482 huius
1051 2413 1199 2481 indicium
1227 2422 1336 2482 estet

232 2623 303 2676 Μιι.
326 2623 594 2690 euseureeean]

167 2708 258 2774 efferri
273 2724 335 2776 ug.
372 2713 412 2763 nit
428 2713 519 2778 offerri
535 2713 612 2764 lactis
629 2711 784 2763 alimoniam
805 2709 840 2762 G.
864 2735 891 2748 -
918 2708 982 2776 quie
1000 2707 1172 2774 duoprimas
1189 2706 1243 2761 Rl.
1259 2735 1293 2748 -
1318 2725 1336 2761 a

167 2775 240 2827 lactc
257 2774 290 2825 G.
309 2803 339 2812 -
358 2785 461 2829 osteum
477 2780 562 2831 tuctco
578 2779 707 2831 circulo
723 2779 794 2829 Bru.
816 2805 844 2815 -
870 2776 949 2841 Hinc]
969 2776 1064 2827 Sornn.
1084 2775 1139 2839 111,
1160 2781 1185 2827 l.

167 2844 195 2891 4.
227 2842 332 2908 peritae
347 2843 404 2895 illic
423 2845 453 2895 B.
477 2872 514 2885 -
535 2848 643 2898 deornm
657 2855 719 2899 cunt
741 2847 792 2896 Μ.
814 2873 849 2884 -
872 2845 1000 2911 aquarius
1017 2849 1094 2908 (ειη).
1110 2843 1228 2903 tcmevic)
1250 2841 1280 2895 F.
1301 2867 1336 2886 -ι

168 2909 238 2960 leoni
254 2917 292 2961 cet
311 2911 438 2964 adversus
460 2911 512 2962 Rl.
531 2939 564 2950 -
580 2921 738 2981 percantatur
756 2919 831 2976 (ειη).
848 2912 1028 2976 sacrficutur)
1045 2909 1087 2960 B.
1115 2911 1164 2962 leo
1180 2918 1338 2978 percontatur

168 2975 201 3026 F.
220 3002 257 3015 -
278 2979 439 3030 contrarium
457 2988 504 3032 ert
522 2979 591 3031 Bu.
610 3006 642 3019 -
665 2981 864 3032 aduersarium
882 2978 934 3028 Hl.
1086 2979 1113 3028 h.
1149 2979 1213 3032 lllc'e
1232 2977 1284 3028 Hl.
1305 3005 1333 3015 -

168 3060 199 3095 cs
215 3044 232 3094 d
238 3043 335 3096 iciduo
349 3045 403 3096 112.
424 3073 452 3084 ·-
468 3047 625 3099 contractio
641 3046 672 3099 F.
707 3047 844 3099 detractio
861 3061 878 3096 v
892 3051 926 3112 (g
938 3041 968 3094 in
981 3042 1064 3110 ιαμ).
1212 3047 1237 3096 6.
1272 3044 1337 3096 haec

168 3119 207 3162 cat
224 3113 367 3164 sententia
383 3113 435 3164 Rl.
450 3140 485 3152 -
502 3115 531 3164 in
552 3115 670 3181 limace]
690 3132 716 3179 p.
735 3117 777 3164 35.
794 3141 828 3152 -
843 3113 1022 3180 reperiuntur
1040 3126 1085 3178 eg.
1103 3137 1137 3149 -
1154 3127 1212 3160 cum
1225 3127 1274 3178 per
1286 3112 1337 3162 itta

169 3179 204 3229 G.
355 3184 382 3230 t.
421 3198 479 3233 cum
498 3182 536 3232 ad
557 3199 650 3249 corpere
673 3183 791 3234 trahitur
812 3180 863 3230 Re.
885 3206 921 3218 -
941 3178 970 3228 id
989 3183 1056 3238 (am.
1076 3182 1127 3242 cst]
1150 3175 1180 3227 F.
1202 3202 1235 3215 -
1257 3177 1337 3242 hylen

169 3245 239 3296 llice.
258 3248 286 3297 ct
303 3245 374 3298 Edd.
392 3275 425 3286 -
444 3250 582 3314 fluentem
598 3249 652 3300 m.
672 3275 706 3288 -
727 3250 755 3300 in
777 3245 927 3310 Phaedone]
947 3263 973 3312 p.
991 3249 1032 3295 79.
1051 3273 1079 3283 -
1104 3244 1251 3311 phedronc
1268 3245 1336 3296 BSP

169 3312 361 3367 Rreeumr
381 3315 505 3386 „Angt.“
540 3317 670 3387 phcdcre
692 3321 768 3384 (cup.
789 3317 883 3374 arone)
906 3311 938 3364 F.
980 3311 1130 3366 Phocdonc
1149 3327 1192 3364 cu.
1216 3339 1243 3350 -
1268 3314 1337 3366 dcli-

170 3503 246 3559 rius:
280 3505 376 3572 Δῆμος
401 3505 446 3574 da,
478 3506 583 3575 inquit,
615 3500 729 3572 ὀνείρων
779 3502 840 3566 Cel.
866 3499 964 3552 ucoca
1001 3499 1048 3552 Sol
1075 3500 1103 3552 in
1137 3499 1347 3567 Acqnuriusu¹

170 3567 242 3625 κατὰ
261 3567 437 3639 Πυθαγόραν
453 3572 484 3625 αὶ
500 3572 599 3641 ψυχαὶ,
617 3567 652 3634 ἃς
666 3588 730 3626 σνν-
779 3569 889 3632 transit,
928 3567 989 3620 Leo
1007 3583 1085 3619 mene
1102 3568 1197 3634 incipit
1214 3568 1337 3632 occidero,

170 3636 291 3702 ἄγεσθαί
307 3651 391 3702 φασιν
408 3639 446 3700 εἰς
462 3637 511 3692 τὸν
525 3638 658 3707 γαλαξίαν
679 3638 731 3693 τὸν
780 3655 842 3690 curn
860 3637 921 3688 Set.
939 3634 962 3701 l,
981 3637 1023 3699 13,
1040 3640 1066 3698 3,
1087 3635 1135 3686 uhi
1157 3635 1288 3686 viduet.

172 3699 247 3758 odero
279 3701 547 3770 προςαγορενόμενον
580 3702 639 3757 ἀπὸ
673 3708 730 3759 τῶν
814 3722 831 3756 α
850 3704 939 3764 tereti,
969 3719 1036 3770 quac
1058 3703 1117 3753 cole
1135 3705 1227 3767 forma
1246 3701 1339 3755 diviua

170 3768 285 3842 γάλακτι
310 3767 499 3838 τρεφομένων,
527 3766 597 3827 ὅταν
622 3773 662 3834 εἰς
688 3770 731 3840 γε’-
780 3771 829 3838 crt]
849 3771 890 3822 (ll.
909 3788 931 3822 c.
951 3773 998 3831 14,
1017 3767 1046 3835 ἐξ
1063 3773 1082 3820 Β
1100 3773 1128 3820 et
1144 3774 1170 3820 9.

169 3854 244 3894 νεσιν
272 3831 397 3888 πέσωσιν.
439 3837 509 3889 Vide
542 3839 729 3909 spicilegium
815 3844 945 3907 epaeneto
964 3838 1083 3888 nascitur
1101 3835 1183 3903 linco]
1211 3833 1254 3888 (ll.
1272 3852 1296 3888 c.
1313 3837 1340 3900 h,

171 3904 291 3959 Meursii
321 3905 355 3954 ed
386 3903 457 3955 illud
486 3905 648 3970 Theocriti,
683 3904 732 3959 nal
782 3905 891 3973 §Met
909 3909 951 3956 ll.

171 3967 332 4041 ἐμπλήσασα
355 3964 502 4038 γάλακτος,
536 3974 621 4040 ldyll.
647 3973 731 4027 XXV.
815 3977 841 4024 t.
876 3971 1020 4024 aetheriam
1046 3977 1146 4024 terrum
1168 3969 1271 4038 physici
1292 3985 1340 4020 eo-

172 4045 269 4110 [immo
286 4038 387 4104 xxw,
406 4041 463 4108 3.]“
490 4041 578 4093 Ponr.
717 4088 721 4094 .
781 4039 916 4108 caverunt]
939 4037 1005 4104 quie
1021 4038 1102 4100 lune,
1127 4038 1213 4088 nteit
1232 4037 1341 4088 Macro·

205 4114 230 4162 4.
265 4107 421 4160 cumrolA
440 4110 643 4173 uar'iamtcnct,
668 4109 730 4159 Mu·
780 4107 845 4159 hius
867 4107 1035 4168 l,19,10.,
1065 4103 1340 4168 aetherisirnepars

171 4179 249 4230 neus
262 4126 437 4244 perentetnrl
455 4174 534 4230 coni.
550 4176 645 4228 Schol.
661 4176 732 4228 l’or-
783 4182 835 4239 cst,
853 4179 884 4226 ut
898 4173 985 4226 totius
1003 4171 1169 4224 mundilam
1187 4187 1253 4240 pers
1268 4179 1341 4224 terra

173 4247 256 4311 phyr.
275 4242 304 4292 in
322 4243 422 4294 Horat.
440 4242 498 4296 Set.
517 4246 544 4306 l,
566 4249 595 4306 1,
616 4247 658 4294 36.
685 4243 732 4295 Sol
783 4249 834 4294 cet.

173 4311 270 4362 traneit
296 4310 325 4358 in
351 4311 498 4374 Aquarium
527 4312 636 4364 XVII.
665 4311 732 4363 Cat
817 4307 961 4358 silcestrcm
995 4307 1136 4358 tumultum
1188 4302 1231 4354 Gi.
1269 4303 1340 4354 Plut.

176 4377 283 4432 Fchr.,·
299 4375 328 4422 in
345 4390 374 4423 cn
391 4383 429 4426 eet
447 4378 538 4430 dictur
554 4379 669 4446 triginta
685 4394 732 4429 αν·
783 4373 888 4426 Pheed.
919 4389 947 4436 p.
976 4377 1019 4423 79.
1048 4369 1083 4424 τὰ
1111 4367 1243 4424 candiatore
1272 4365 1342 4420 κατὰ

176 4438 429 4554 ἓιὲοιθὲᾱιζήέζὶέ.
445 4445 528 4556 tqu.
558 4445 734 4560 Mdnllh'llt
783 4432 996 4568 qqdqdssorscq
1031 4437 1163 4492 Ceterum
1181 4437 1239 4490 vid.
1257 4437 1356 4514 Zeuu.v

428 4523 514 4560 eevu
540 4525 566 4562 u.
616 4548 620 4560 .
725 4542 733 4557 .
856 4542 863 4556 .
995 4543 1002 4558 .
