2950 4992
345 151 605 218 EXCERPTUM
626 149 976 221 MATHEMATIGUM
997 156 1021 219 1.
1204 154 1268 220 sto

99 322 192 391 punoti
212 322 310 375 obtinet
328 322 424 388 quiin
440 322 655 382 circumferentia
677 322 771 375 eirouli
792 324 901 391 aequali
922 324 1039 393 undique
1060 324 1189 377 dlstantia
1211 342 1270 377 om·

100 408 170 459 bitus
193 414 309 458 centrum
332 414 449 458 uocatur.
501 407 576 458 Haeo
599 406 702 476 igitur,
734 407 796 460 lieet
817 408 854 458 ad
881 408 964 459 uliam
986 408 1304 476 tasonprstmsttttons

101 491 231 557 spbaeroe
247 490 382 552 oaelestis,
409 506 479 557 quae
495 491 585 542 omnia
601 508 649 543 suo
667 491 769 543 ambitu
785 492 910 553 includit,
942 492 1140 544 immensitatem
1164 510 1272 561 eompa-

101 582 163 626 rata
179 575 371 643 quodammodo
389 575 530 628 seeundum
548 584 675 627 naturam
689 575 782 643 pusioli
796 574 966 627 indivisibilis
981 576 1117 640 uideatur,
1137 577 1165 627 in
1181 594 1210 629 se
1226 585 1270 629 to-

101 676 161 710 men
185 660 352 711 considerata
381 660 480 711 nostris
507 661 642 729 angustiis
664 659 881 711 inaestimabilem
908 659 1121 729 magnitudinem
1143 662 1272 727 praeiert.

102 745 142 795 Ab
164 745 215 795 baa
237 745 323 812 igitur
345 744 426 795 totius
446 744 527 795 buius
549 744 764 813 investigationis
786 759 910 794 exeussus
935 744 1071 795 exordium
1092 750 1185 795 sumet·
1236 744 1306 797 llll
1374 798 1376 803 ,

99 829 215 894 primam
234 829 349 879 ambitus
366 836 452 879 terrae
468 828 550 879 totius
567 837 682 895 quantus
699 828 744 890 sit,
761 826 946 895 erplieandum
963 828 1080 892 uidetur,
1104 836 1129 879 et
1146 828 1271 895 quemod-

101 913 206 963 modum
223 912 355 963 bumonus
372 928 462 963 sensus
477 912 514 962 ad
533 912 602 963 buno
617 912 884 979 comprehendendum
903 913 1055 975 neeesserit,
1076 912 1270 964 resoluendum.

175 997 272 1047 Terrae
290 995 376 1062 igitur
393 996 508 1046 ambitus
529 1013 547 1046 a
564 996 694 1048 ueteribus
714 996 744 1047 ia
765 996 866 1047 ooeulta
887 1003 1001 1049 naturae
1022 996 1191 1063 dispositione
1210 998 1307 1063 per-is

104 1080 234 1145 quirenda
250 1080 377 1130 studiosis
392 1079 506 1131 duoeutss
524 1080 722 1148 quinquaginta
738 1080 791 1131 duo
807 1078 883 1130 milia
899 1080 988 1130 stadia
1004 1080 1134 1133 continere
1148 1080 1276 1147 probatus

104 1171 151 1215 est.
189 1163 314 1215 Stadium
331 1170 419 1215 autem
436 1172 531 1215 oetaoa
548 1171 668 1230 pareest
684 1164 809 1227 miliarii,
837 1162 935 1213 babens
951 1179 1046 1229 passus
1068 1164 1178 1215 CXXV.
1216 1164 1275 1215 Du·
1311 1147 1315 1165 ³

104 1254 181 1298 senta
202 1247 289 1314 igitur
310 1254 335 1298 et
355 1248 554 1316 quinquaginta
575 1248 629 1298 duo
651 1248 727 1298 milia
750 1248 840 1299 stadia
859 1242 966 1312 sueinul
984 1247 1105 1297 miliaria
1125 1248 1218 1312 XXX,
1251 1256 1276 1299 et

105 1346 187 1381 unum
204 1331 282 1381 milia
297 1338 321 1381 et
339 1332 496 1399 quingenta.
536 1332 611 1396 Quae
625 1332 648 1381 si
663 1346 711 1398 per
727 1337 854 1383 trecentos
869 1332 1012 1399 sexaginta
1028 1331 1132 1399 gradus
1149 1332 1275 1382 dividan-

105 1422 162 1477 tur,
185 1416 308 1466 eueniunt
325 1416 467 1483 uniruique
484 1416 574 1467 stadia
592 1417 775 1484 septingenta,
794 1414 841 1466 lsoe
860 1423 898 1467 est
916 1416 1053 1483 octoginta
1070 1421 1168 1481 septem
1184 1416 1276 1466 milio-

104 1500 148 1549 ria
163 1506 189 1550 et
210 1499 288 1549 semis
305 1514 400 1561 unum,
432 1500 450 1550 i.
470 1516 491 1550 e·
514 1498 662 1550 dimidium.
713 1498 803 1549 Huius
824 1498 1040 1567 investigationis
1059 1499 1162 1566 primus
1182 1505 1309 1552 auotorb

106 1583 294 1635 ltrosoabenss
309 1585 411 1647 sertore
440 1584 487 1650 qui
502 1582 531 1633 in
547 1583 597 1634 bae
615 1582 758 1649 diseiplina
774 1582 924 1649 spectabilis
939 1589 964 1635 et
980 1583 1171 1652 sagueissimus
1188 1598 1275 1633 eorum

105 1683 174 1733 quae
191 1667 274 1719 latent
291 1674 423 1718 scrutator
439 1667 534 1719 estitit.
570 1666 622 1717 Hie
638 1668 729 1733 itaque
745 1682 802 1721 oum
816 1674 903 1719 terrae
918 1667 1045 1719 ambitum
1062 1666 1203 1719 aestimare
1219 1666 1276 1717 dis-

103 1760 226 1817 poneret,
256 1752 308 1803 tuli
324 1758 383 1802 asto
397 1752 469 1801 uiam
486 1750 537 1801 eibi
549 1751 647 1815 secisse
663 1750 775 1814 dieitur,
801 1759 827 1803 st
844 1752 891 1802 boe
907 1757 1065 1820 argumento
1081 1750 1147 1803 satis
1160 1751 1278 1803 mirabili

105 1836 214 1903 ingenio
235 1835 387 1902 erengitoto
412 1852 475 1885 usus
496 1842 661 1888 memoretur.
716 1836 788 1887 Nam
809 1852 826 1886 o
850 1835 1010 1887 mensoribus
1033 1834 1108 1903 regis
1132 1827 1309 1887 namneti

105 1918 224 1983 adiutus,
246 1918 293 1983 qui
308 1924 390 1969 totam
408 1920 560 1987 Aegyptum
576 1919 690 1981 tenebat,
707 1936 725 1969 a
745 1919 831 1985 Syene
845 1934 927 1985 usque
945 1918 982 1971 ad
1001 1919 1108 1969 Meroen
1126 1918 1276 1987 boroseopi·

107 2002 145 2053 eis
158 2002 233 2053 uasis
247 2018 305 2053 oum
322 2002 431 2069 aequali
447 2018 607 2071 gnomorwm
628 2003 789 2056 dimensione
806 2003 942 2071 dispositis
963 2008 989 2054 et
1009 2018 1059 2069 per
1077 2002 1189 2071 singula
1210 2018 1277 2053 uaso

106 2087 230 2155 singulos
247 2087 421 2155 gnomonicae
434 2087 631 2153 supputationis
644 2087 809 2139 doctissimos
825 2087 960 2149 ordinans,
978 2102 1034 2138 uuo
1051 2086 1094 2138 die
1113 2102 1201 2139 omnes
1217 2104 1276 2138 ues-

106 2171 181 2221 bram
199 2170 375 2221 meridianam
392 2170 531 2221 obseroare
549 2171 698 2252 praesepiis
733 2187 788 2239 qna
806 2186 856 2238 por
872 2170 994 2239 singulos
1010 2187 1154 2239 gnomones
1167 2188 1276 2238 eompu-

105 2263 166 2307 tata
182 2256 320 2321 comperit,
349 2255 419 2322 quod
434 2255 507 2306 ultra
525 2255 694 2323 septingenta
710 2255 801 2306 stadia
819 2255 856 2306 ad
873 2256 953 2305 unius
968 2254 1146 2323 longitudinis
1164 2272 1276 2323 gnomo-

105 2356 164 2389 nem
182 2340 275 2389 umbru
296 2355 348 2389 non
365 2338 510 2405 respondit·
562 2339 625 2391 Post
649 2338 715 2389 baso
735 2338 828 2389 altiori
850 2338 960 2407 ingenio
980 2338 1117 2389 ueritatem
1138 2337 1217 2389 buius
1238 2338 1313 2389 reiit

104 2440 271 2494 persequens,
286 2421 333 2473 sub
348 2422 471 2475 stellatae
487 2422 572 2474 noetis
587 2430 702 2489 tempore
719 2429 823 2490 sumpto
840 2420 991 2489 astrolapsu
1004 2421 1050 2487 qui
1062 2420 1203 2471 seeundum
1217 2438 1275 2473 am·

140 2590 223 2640 oioem
250 2588 343 2655 puncti
368 2590 466 2639 obtinet
491 2587 555 2653 sto]
584 2585 664 2637 coni.
717 2584 803 2648 (siol)
834 2586 1029 2652 supputationis
1055 2586 1185 2650 homines,
1217 2596 1279 2656 quot
1390 2634 1391 2637 ,

108 2657 215 2708 comm.
237 2657 261 2719 1,
280 2660 322 2717 16,
342 2660 404 2706 liet
424 2658 465 2704 10.
487 2661 516 2705 st
531 2654 606 2720 ΞΜ
627 2657 665 2704 14.
716 2670 785 2705 oasa
802 2655 926 2718 fuerant,
944 2654 1059 2722 singulis
1076 2655 1219 2723 quibusque
1237 2658 1278 2707 lo-

144 2740 200 2809 qui]
218 2740 297 2789 1000.
309 2754 342 2789 nn
361 2736 501 2804 punem?
537 2736 667 2789 σηιξη,
717 2723 756 2773 eis
774 2722 912 2788 imposuit,
939 2729 1036 2773 etuna
1055 2722 1098 2773 die
1116 2740 1278 2775 omnesum-

107 2808 143 2861 Ν.
162 2808 199 2858 Η.
218 2808 262 2870 lt,
285 2810 332 2868 68,
355 2806 458 2871 5174„
488 2806 537 2857 ubi
556 2807 668 2872 quidem
718 2790 793 2871 brem
821 2789 965 2869 meridipni
992 2790 1115 2857 temporis
1142 2792 1280 2843 obsmuare

107 2883 220 2945 punctus
259 2874 372 2924 videtur
414 2890 476 2925 esse
516 2875 669 2943 genitivus.
715 2860 798 2923 lema
834 2864 974 2938 {mmm
1002 2874 1210 2927 “stlmllssmiliss
1237 2861 1279 2941 ΝΞ

109 2944 179 2995 Vide
195 2942 426 2993 asscribendum
448 2941 487 2993 sit
505 2944 583 3009 quod.
776 2942 860 2977 ’ΜΝ
888 2926 1019 2987 mmm,
1052 2932 1170 2991 pansae
1193 2930 1280 2991 stimi

144 3026 299 3091 distantiae]
315 3026 386 3090 „mn
401 3026 566 3079 stennone
577 3028 669 3079 onos.
718 2994 1002 3129 ὦῗῇξῑζξὲᾞῖζέξζξζθ
1015 2993 1280 3113 {ffijssfflffiffl

144 3108 267 3177 ambitus]
292 3110 362 3159 Eds.
380 3109 539 3163 distantiae
556 3113 670 3163 ambitu.
719 3129 897 3197 qongqqqdqnq,
924 3144 1080 3195 3220me
1108 3128 1202 3179 „mim
1227 3148 1280 3181 ,m

143 3200 172 3245 ts·
205 3196 318 3246 ducenta
336 3229 359 3243 ..
376 3193 479 3261 stadia]
503 3194 546 3245 cl.
564 3194 669 3248 comm.
718 3196 866 3264 respondet.
908 3196 966 3246 Hoo
987 3211 1096 3247 numero
1118 3213 1165 3264 per
1190 3206 1281 3265 partes

109 3265 133 3327 l,
150 3267 193 3325 20,
208 3266 252 3313 20.
270 3268 297 3313 et
316 3260 353 3325 ll,
373 3264 440 3323 6„³.
720 3265 834 3325 radiosi,
852 3280 921 3331 quae
932 3270 993 3315 sunt
1011 3265 1084 3315 CCC
1097 3270 1122 3315 es
1137 3264 1196 3327 ΒΧ,
1209 3266 1280 3316 raul-

143 3335 169 3381 6.
204 3329 364 3398 ereogitato]
401 3330 475 3393 „Mu
508 3332 669 3400 recogito-‘⁸
718 3333 841 3400 tiplieato
862 3332 976 3384 absolvit
992 3330 1109 3381 uniuersi
1131 3333 1200 3383 orbis
1221 3350 1281 3383 orn-

111 3400 201 3451 Goon.
658 3461 660 3464 Ι
719 3402 802 3451 bitum
824 3400 940 3465 optinere
960 3398 1051 3451 stadia
1073 3399 1186 3451 ducenta
1205 3402 1281 3451 milia

143 3471 168 3515 7.
207 3466 277 3517 Nam
296 3480 314 3515 a
331 3463 493 3513 mensoribus
515 3500 540 3515 ..
561 3481 670 3533 respon·
721 3475 746 3520 et
762 3467 960 3534 quinquaginta
975 3466 1027 3517 sluo
1043 3467 1127 3517 milia.

26 3594 29 3602 f
111 3533 162 3599 slit]
181 3532 224 3583 Gi.
240 3529 372 3581 storstsn.
392 3530 436 3593 Vl,
454 3530 483 3595 §5
498 3534 550 3581 598
565 3540 594 3583 et
610 3538 670 3583 610.
755 3539 781 3584 8.
818 3542 920 3601 sumpto
936 3533 1097 3601 astrolapsu]
1116 3534 1135 3585 i.
1149 3549 1174 3584 ss.
1189 3537 1281 3585 ustro-

111 3603 216 3653 Essdesn
234 3599 336 3650 iisdem
355 3598 415 3649 tero
430 3600 524 3649 verbis
539 3600 672 3668 leguntur
721 3601 807 3654 lubio.
843 3601 887 3652 (il.
907 3602 1025 3669 Excerp·
1052 3601 1093 3663 ΙΙ,
1124 3605 1150 3651 3.
1189 3606 1282 3653 Astro-

110 3670 140 3721 in
163 3668 223 3718 eod.
245 3666 288 3716 Rs
312 3665 347 3715 ud
374 3664 477 3715 comm.
499 3666 528 3731 1,
555 3674 602 3732 20,
626 3673 670 3719 20.
721 3671 836 3738 lapsum
864 3676 981 3721 vocatus·
1005 3670 1033 3721 in
1062 3669 1168 3721 similis
1195 3684 1282 3737 ergu-

111 3734 235 3803 mnrgini
271 3732 428 3799 nosortpto=
463 3736 673 3798 „Eratosthenes
722 3737 810 3789 menti
828 3736 939 3789 soholio
958 3737 1030 3803 quod
1054 3736 1082 3789 iss
1102 3738 1162 3789 sod.
1180 3738 1222 3787 Rs
1240 3738 1283 3789 iss-

110 3802 284 3874 p'lbs'losoplius
300 3802 421 3867 idemque
437 3810 573 3869 geometra
588 3806 671 3856 subti—
720 3805 834 3857 venitur
861 3805 1034 3871 adscriptum
1066 3806 1100 3857 ssd
1128 3805 1233 3856 Cusum.
1258 3804 1282 3868 l,

111 3872 228 3924 tissimus
251 3869 463 3937 magnitudinem
487 3873 582 3923 terreni
604 3872 673 3923 orbis
721 3878 766 3937 20,
782 3878 821 3925 ia
842 3874 938 3925 Terrae
952 3890 1074 3925 mensure
1089 3874 1171 3925 oeulis
1186 3872 1282 3923 iuram

111 3956 188 3994 nosse
205 3938 305 3999 uolens,
322 3935 373 3987 toli
391 3937 489 3988 dieitur
504 3956 568 3991 usus
585 3957 672 4009 argu·
722 3942 793 3994 tibus
808 3942 848 3993 ita
863 3942 971 3993 inventa
987 3950 1025 3993 est
1033 3958 1081 4009 pes
1094 3940 1281 4007 astrolapsum.

111 4016 206 4061 mento.
259 4004 328 4056 Nam
361 4021 378 4054 a
407 4008 569 4057 mensoribus
599 4008 673 4077 regis
725 4012 757 4063 ln
785 4010 917 4077 principio
945 4010 1030 4059 noetis
1060 4009 1160 4060 oriente
1191 4008 1285 4075 aliqua

116 4071 244 4129 Ptolomei
265 4074 310 4139 qui
331 4079 414 4123 totom
432 4075 583 4141 Aegyptum
600 4084 673 4127 tene·
722 4078 802 4129 stella
833 4086 945 4129 ereetum
974 4084 1014 4129 est
1046 4076 1224 4142 astrolapsum
1255 4075 1285 4125 in

114 4148 160 4196 bat
182 4143 291 4194 adiutus
316 4158 334 4191 a
355 4141 440 4206 Syene
460 4157 543 4207 usque
568 4144 674 4195 Meroen
722 4146 808 4212 plana
833 4152 918 4206 tersa,
955 4152 980 4196 et
1006 4144 1108 4197 eleoato
1133 4142 1284 4194 mediclinio

115 4212 260 4263 stadiorum
275 4224 411 4259 numerum
430 4208 545 4272 invenit,
582 4212 673 4280 dispo·
722 4212 808 4282 s‘psius
837 4212 981 4279 astrolopsi
1006 4218 1100 4263 notato
1129 4211 1179 4263 illa
1205 4210 1286 4261 stella

117 4279 225 4344 sitisque
257 4292 306 4343 per
338 4276 482 4327 interuallo
510 4278 624 4331 looorum
657 4296 675 4330 a
722 4297 771 4348 per
789 4282 913 4344 foramen
930 4280 1019 4341 illius,
1054 4286 1080 4331 et
1093 4282 1170 4342 sueto
1186 4285 1285 4345 punoto

117 4345 292 4411 septentrione
316 4344 451 4394 meridiem
479 4361 571 4397 uersus
595 4348 675 4399 boro—
724 4349 754 4399 in
784 4348 834 4399 illa
863 4355 943 4415 parte
970 4347 1117 4415 astrolspsi
1151 4346 1285 4397 recondito

117 4412 226 4477 seopiois
250 4412 322 4463 vasis
350 4412 433 4463 simili
461 4413 623 4466 dimensione
650 4421 676 4466 et
725 4416 875 4483 astrolapsu
904 4415 988 4481 eoepit
1016 4416 1055 4466 ire
1080 4416 1109 4466 iss
1137 4414 1284 4481 oppositm

116 4494 278 4550 gnomonum
297 4494 382 4544 aequa
403 4480 572 4549 longitudine
589 4484 675 4547 insor-
724 4490 829 4551 possess
856 4490 929 4534 reeta
957 4482 1037 4535 linea.
1085 4483 1162 4533 Verbi
1189 4482 1285 4551 gratiss

116 4547 198 4601 mutis
235 4544 344 4598 totidem
382 4546 471 4599 duoles
510 4551 679 4618 gnominieae
725 4557 819 4604 nomio
835 4551 917 4605 ¹stello
940 4551 1024 4605 astion
1046 4550 1132 4612 (siol)
1148 4552 1210 4619 polo
1228 4566 1285 4616 eoe-
