2950 4992
600 59 736 128 CAPUT
761 61 817 126 lll.
1230 85 1324 127 xxxix

68 232 272 296 exemplaria
290 231 425 284 initandl.
460 233 549 284 lieest
568 231 652 296 rigor
676 234 705 283 et
726 233 841 283 nativus
864 232 946 282 color
966 231 1105 305 sermonis
1128 231 1239 299 Lstlnl,
1264 247 1322 287 non

68 320 176 370 deest
196 321 289 370 sutem
308 318 450 383 castigate
469 317 613 370 scribendi
635 318 776 368 voluntas.
812 319 993 377 Quamobrem
1017 331 1075 372 non
1096 318 1225 370 invenies
1247 322 1320 382 apud

70 403 270 468 macrobium
289 405 481 470 petulantiam,
497 408 529 456 ut
547 405 587 456 ita
607 405 705 469 dicam,
723 404 1024 466 atqueproeacitstem
1035 405 1146 468 apuleii
1162 405 1192 455 in
1209 419 1320 457 novan-

72 491 129 540 dis
152 489 252 542 verbis
268 503 420 553 eorumque
442 492 605 558 structuris,
623 491 692 541 licet
710 490 814 538 multae
830 487 879 538 tibi
896 491 968 551 apud
983 501 1045 542 enm
1061 494 1214 543 occurrant
1230 506 1319 543 voces

73 589 161 640 quas
182 577 292 628 frustra
310 575 490 640 quaesiveris
507 579 578 639 apud
602 575 760 638 superioris
779 575 884 625 aetatis
903 577 1075 642 scriptores,
1103 590 1156 628 nee
1172 591 1238 628 raro
1258 579 1318 629 ior-

71 662 164 712 sitan
191 666 220 713 te
246 661 370 714 offendat
392 661 538 713 affectatio
560 663 711 727 quaedam,
738 661 820 711 cuius
846 661 1000 722 exemplum
1023 662 1193 714 luculentum
1216 669 1263 714 est
1287 665 1316 714 in

71 747 171 810 primi
194 749 420 799 saturnaliorum
442 748 507 798 libri
532 743 600 812 line,
626 747 673 798 ubi
698 747 854 796 Flavianus
879 749 995 796 ceteros
1018 746 1120 797 invitat
1141 749 1185 798 lils
1207 749 1316 800 verbis:

76 832 128 882 Es
147 831 260 900 pinciis
283 833 339 883 insa
357 849 404 884 uos
423 832 483 901 iege
500 831 637 894 eenoesio,
662 838 692 882 ut
713 832 832 899 sequenti
849 832 893 882 die
911 831 1027 884 Penates
1043 833 1097 884 arei
1114 832 1187 884 beeri
1203 850 1230 886 ee
1246 834 1317 886 tanti

73 927 179 970 coetus
196 917 312 984 bospitio
329 916 487 985 glorientur.

157 1006 189 1053 1.
212 1005 254 1054 Ad
269 1005 376 1054 artem
392 1001 644 1066 grammaticam
663 1001 688 1052 si
706 1007 877 1066 spectamus,
891 1002 921 1052 in
939 1003 1185 1055 declinatione
1204 1008 1238 1055 et
1255 1018 1317 1056 no·

76 1088 214 1140 minum
230 1093 263 1140 et
279 1091 459 1140 verborum
477 1088 544 1138 nibil
561 1089 621 1138 iere
639 1087 785 1152 singulare
803 1094 848 1137 est
862 1092 1066 1142 memorandum
1078 1091 1134 1142 nisi
1146 1092 1316 1142 inconstan-

76 1174 125 1224 tia
144 1174 264 1238 generis
278 1175 471 1225 nonnullorum
489 1175 626 1226 nominum
647 1175 676 1224 in
695 1187 811 1242 numero
829 1174 941 1238 plurali,
953 1180 984 1226 ut
1000 1177 1082 1228 modo
1101 1177 1191 1228 stadis
1208 1177 1313 1229 dicitur

76 1261 172 1312 modo
191 1261 274 1312 notit
289 1260 358 1326 (vid.
375 1266 433 1311 not.
452 1262 487 1312 ad
507 1261 611 1312 comm.
629 1262 659 1326 l,
677 1261 719 1321 li,
736 1259 809 1324 111),
825 1260 907 1308 modo
924 1259 975 1309 ioci
992 1261 1074 1310 modo
1089 1261 1148 1312 icen
1161 1261 1231 1327 (vlt.
1250 1266 1311 1314 not.

76 1347 117 1397 ad
132 1349 198 1398 Sat.
212 1348 283 1414 ll,³,
294 1347 345 1414 1.),
359 1347 458 1410 quibus
476 1348 563 1396 addas
582 1345 687 1414 cinguli
703 1346 773 1409 (vid.
790 1348 849 1395 not.
868 1345 903 1394 sd
920 1345 957 1408 ll,
970 1344 1077 1409 a,1l.)‚
1094 1359 1156 1395 nam
1174 1348 1247 1409 quod
1264 1348 1311 1398 ln-

18 1456 23 1471 ι
74 1428 224 1484 finitivum
241 1433 328 1484 futuri
345 1433 432 1482 activi
450 1445 507 1482 non
524 1433 684 1500 scriptorum
702 1447 757 1480 esse
773 1429 842 1480 dicit
857 1430 1037 1494 Macrobius,
1054 1431 1105 1480 sed
1121 1430 1310 1497 scriptumne,

76 1517 107 1567 id
126 1518 158 1568 ei
177 1531 322 1570 commune
338 1523 384 1570 est
403 1531 465 1570 cum
484 1517 590 1568 ceteris
605 1515 749 1566 veteribus
767 1515 958 1577 grammaticis
976 1515 1046 1578 (vid.
1063 1518 1123 1566 not.
1144 1518 1179 1566 sd
1203 1516 1252 1567 llb.
1274 1519 1309 1568 de

77 1603 155 1653 diss.
177 1609 207 1654 et
224 1617 286 1655 soc.
303 1605 353 1655 Gr.
372 1605 492 1665 batque
510 1601 589 1651 verbi
610 1614 636 1650 c.
657 1601 696 1650 19.
714 1601 727 1664 i
744 1600 813 1665 21).
847 1601 901 1650 sed
924 1602 1006 1662 plura
1025 1601 1070 1650 vel
1091 1601 1182 1654 minus
1204 1604 1310 1656 usitata

80 1690 132 1738 vel
149 1702 229 1739 nova
247 1689 358 1740 admisit
375 1689 403 1738 in
420 1688 575 1750 syntaxi,
589 1699 661 1750 quae
674 1686 781 1748 quidem
799 1687 942 1738 maximam
958 1691 1065 1749 partem
1083 1689 1310 1752 sunteiusmodl,

82 1776 118 1822 ut
148 1785 165 1821 e
192 1774 304 1824 Graeca
325 1775 434 1836 quidem
457 1772 554 1836 lingua
580 1771 697 1823 fluxisse
728 1774 970 1836 videantur,‚sed
992 1779 1046 1823 tam
1067 1773 1096 1823 iu
1120 1787 1183 1824 eum
1206 1777 1310 1826 cadant

83 1855 136 1918 qui
156 1858 294 1908 Graecam
319 1859 442 1922 linguam
467 1865 532 1908 ante
552 1859 677 1908 Latinam
703 1860 846 1924 didicerit,
873 1872 955 1922 qnam
972 1858 1001 1908 in
1019 1872 1080 1909 eum
1098 1859 1180 1911 cuius
1196 1862 1307 1923 patrius

81 1954 185 1991 sermo
197 1943 282 1993 fuerit
292 1946 428 1996 Graecus.
446 1945 642 1996 Genitivum
661 1957 774 1996 casum
791 1943 1010 2008 liberinslunglt
1025 1957 1086 1995 cum
1100 1947 1304 1998 adiectivorum

80 2028 130 2078 vel
160 2030 353 2089 pronominum
375 2043 480 2094 genere
501 2037 611 2094 neutro.
647 2032 689 2082 Gi.
709 2032 812 2083 comm.
833 2033 863 2097 l,
883 2033 914 2096 t,
937 2031 962 2080 1.
990 2023 1190 2082 cerimoniarum
1215 2048 1304 2094 somn,

80 2114 103 2178 1,
123 2114 169 2178 20,
187 2117 213 2163 i.
237 2114 331 2168 directi
351 2133 441 2168 cursus
462 2123 601 2180 consumo,
630 2117 899 2181 snt.vl1,1t‚tt.
918 2118 1239 2185 plurimumflaciorans,
1265 2117 1304 2168 lb.

81 2199 95 2264 ᾗ
112 2200 155 2250 33.
169 2199 314 2266 plurinum
330 2201 586 2268 squammatione,
617 2203 653 2252 ib.
672 2203 684 2267 p
702 2205 745 2254 18.
763 2220 839 2255 omne
856 2203 987 2254 deiciens
1016 2203 1171 2253 dativum
1188 2203 1305 2265 saepius

81 2285 175 2349 iungit
192 2299 254 2336 oum
268 2290 355 2338 verbo
371 2288 499 2340 curandi.-
517 2288 765 2340 accusativum
776 2292 949 2339 Graecorum
963 2302 1041 2338 more
1054 2301 1116 2337 cum
1129 2287 1225 2337 verbis
1236 2300 1305 2349 pss-

83 2373 165 2438 sivls,
182 2378 209 2424 ut
228 2375 336 2426 seruiet
354 2372 431 2424 indui
450 2375 520 2438 (vid.
539 2380 598 2425 not.
617 2376 651 2424 ad
671 2373 776 2424 Gomm.
793 2375 820 2437 1,
841 2373 888 2438 la,
905 2375 947 2436 i.)
964 2376 995 2422 et
1010 2373 1086 2438 quoti
1103 2372 1178 2435 (Sat.
1194 2373 1258 2434 vll,
1277 2373 1305 2436 o,

8 2510 12 2518 ,
83 2457 134 2523 a),
150 2462 179 2508 et
196 2471 258 2510 eum
276 2459 432 2522 participiis
452 2464 481 2510 et
498 2461 662 2524 adiectivis,
679 2464 710 2510 ιι1
729 2462 788 2508 Sat.
806 2459 843 2519 V,
863 2458 890 2522 9,
908 2449 950 2505 li.
972 2472 1073 2506 comam
1091 2455 1173 2506 seism
1195 2459 1224 2505 et
1242 2457 1303 2521 vll,

84 2544 290 2610 laetantum
305 2544 391 2609 crispi.
411 2544 442 2593 ln
461 2546 757 2607 praepositionum
774 2556 828 2592 usu
842 2541 983 2592 notandus
998 2544 1044 2592 est
1055 2540 1238 2591 accusativus
1251 2554 1303 2602 pro

84 2629 208 2680 ablativo
223 2629 337 2678 iunctus
355 2641 416 2678 curn
432 2629 643 2692 praepositione
657 2629 689 2680 in
706 2629 776 2694 (vid.
793 2635 853 2678 not.
870 2629 906 2678 ad
924 2631 983 2678 sat.
999 2627 1023 2693 1,
1040 2627 1066 2690 7,
1084 2625 1158 2691 td),
1173 2639 1208 2676 ne
1226 2640 1304 2677 com·

86 2724 232 2764 memorem
255 2713 493 2776 praepositionem
514 2715 587 2780 apud
607 2715 727 2766 iunctam
751 2729 813 2767 cum
835 2715 942 2766 nubium
963 2714 1119 2767 nominibus
1139 2714 1198 2762 sat.
1215 2714 1238 2778 l,
1256 2714 1300 2779 tu,

89 2800 104 2848 i
122 2803 150 2849 et
164 2797 190 2846 7.
207 2800 236 2847 et
252 2799 313 2858 Vll,
331 2799 413 2865 1,17.
447 2799 672 2852 Pronominis
698 2801 872 2856 reflexivi
896 2815 966 2853 usus
984 2798 1138 2865 singularis
1156 2799 1300 2850 invenitur

89 2883 191 2936 comm.
202 2883 222 2947 l,
234 2884 260 2949 o,
268 2884 322 2950 71,
330 2885 377 2935 ribi
393 2884 500 2950 legitur
518 2903 550 2937 se
565 2889 664 2950 fortior
680 2902 730 2952 pro
741 2889 842 2954 sortior
853 2903 931 2954 qnam
943 2887 993 2938 ills
1010 2893 1099 2938 aetate
1108 2891 1157 2947 est,
1170 2886 1217 2948 qui
1229 2899 1300 2938 usus

88 2971 168 3022 etlam
184 2984 200 3022 c
218 2971 330 3022 Graeco
348 2983 477 3022 sermone
497 2975 652 3046 translates
670 2979 715 3024 est
721 2989 730 3038 3
759 2975 796 3024 ct.
816 2974 925 3024 Platon.
942 2975 976 3024 de
994 2985 1054 3037 rep.
1072 2971 1125 3035 ill,
1142 2986 1167 3034 p.
1187 2972 1247 3036 411,
1264 2973 1299 3022 (i.

88 3051 327 3124 ἀνδρειότερος
352 3053 470 3122 γίγνεται
495 3051 601 3119 αὐτὸς
629 3057 769 3112 ἑαυτοῦ.
804 3061 958 3110 Praeterea
977 3059 1104 3110 eiusdem
1125 3058 1300 3119 pronominis

41 3155 43 3160 ’
89 3157 169 3195 casus
186 3143 327 3208 genitivus
352 3154 437 3204 saepe
458 3143 571 3205 ponitur
592 3159 643 3208 pro
665 3147 830 3208 pronomine
847 3145 1032 3208 possessivo,
1059 3145 1105 3193 vel
1127 3142 1174 3192 nbi
1193 3145 1298 3194 nullnnr

89 3231 234 3294 ponendum
252 3231 314 3280 erat
332 3240 501 3302 pronomen,
529 3236 559 3281 ut
576 3230 680 3282 comm.
697 3234 734 3298 ll,
753 3233 838 3298 4,11.
853 3237 962 3301 prepter
978 3229 1088 3279 nimione
1105 3229 1159 3279 sai
1176 3231 1297 3296 difficol-

89 3321 178 3378 totens,
198 3317 257 3364 Sat.
274 3315 336 3378 vll,
356 3315 399 3380 12,
415 3316 458 3366 17.
476 3315 635 3378 tenuitatem
652 3319 705 3370 sui
723 3318 828 3383 omisit,
850 3324 879 3368 et
895 3319 932 3367 ib.
949 3315 962 3381 5
981 3316 1025 3364 10.
1041 3314 1223 3365 amaritudine
1239 3318 1298 3368 sui.

92 3401 188 3454 Contra
199 3413 386 3462 pronomen
400 3402 646 3462 possessivum
658 3405 773 3466 ponitur
785 3417 836 3466 pro
854 3397 1300 3464 1411ιίιο811.1,11,14.ριι1ιίο

91 3486 119 3537 ia
133 3499 240 3536 onorem
256 3502 347 3538 saum
362 3487 445 3555 lapsi,
461 3492 490 3538 et
505 3499 557 3548 prs
576 3488 647 3540 eice
664 3491 709 3540 vel
727 3507 847 3553 eornm,
865 3490 906 3552 ll,
924 3485 951 3547 4,
969 3484 1010 3532 2³
1029 3477 1213 3549 interrogabat
1229 3499 1297 3550 mm,

92 3571 150 3638 quid
168 3579 259 3640 ageret
282 3572 354 3624 Aias
376 3589 465 3636 sues,
496 3577 525 3621 et
548 3572 600 3639 lll,
616 3575 664 3637 id,
681 3577 708 3632 8.
737 3583 768 3627 at
784 3611 809 3625 ..
826 3572 929 3639 eloquio
948 3563 1099 3634 Symmachi
1120 3567 1191 3619 dorsi
1214 3587 1296 3624 soce

88 3658 214 3722 senonas,
229 3655 328 3725 vll,t,
340 3657 381 3708 11.
395 3659 466 3722 facit
480 3657 528 3707 boe
545 3673 635 3709 susim
649 3662 749 3730 [rigas.
777 3662 966 3716 Pronomen
983 3651 1179 3723 relativum,
1193 3659 1241 3709 nbi
1260 3663 1296 3710 sd

93 3746 142 3794 dun
157 3743 329 3793 substantiva
345 3742 475 3808 pertlnet,
492 3745 572 3794 modo
591 3747 723 3810 congruit
740 3761 802 3797 cnm
823 3759 859 3796 eo
878 3745 951 3808 quod
969 3746 1014 3793 est
1032 3741 1060 3792 in
1076 3744 1174 3792 eodem
1190 3744 1295 3809 inciso,

94 3831 165 3880 modo
183 3838 242 3880 cum
261 3829 461 3893 antecedente,
478 3829 539 3880 sine
558 3832 615 3882 ullo
634 3835 707 3895 quod
725 3829 814 3883 sciam
831 3831 1000 3882 discrimine.
1035 3829 1169 3888 Exempla
1186 3828 1250 3876 vide
1266 3828 1296 3876 ln

95 3919 155 3966 nota
178 3913 337 3966 11001111.
361 3914 388 3978 1,
406 3914 455 3979 2⁰,
471 3913 498 3964 8.
537 3917 584 3967 llis
607 3921 741 3970 adnotavi
759 3919 895 3972 laxiorem
919 3918 994 3968 illam
1018 3918 1202 3964 structuram:
1235 3911 1295 3960 sat.

96 4002 149 4066 vll,
165 4003 187 4068 i,
204 4000 247 4050 12.
266 4000 304 4050 sie
321 4015 381 4066 qao
398 3983 538 4052 coniveret
555 4004 625 4070 qnod
642 4022 708 4055 eam
725 4020 855 4072 parsuros
872 4009 952 4064 esset,
979 4007 1008 4052 et
1025 4001 1061 4048 ib.
1078 3997 1122 4057 11,
1141 3995 1166 4042 8.
1184 3993 1220 4043 de
1238 4009 1295 4058 quo

97 4087 247 4150 dubietais,
261 4085 419 4150 fabalnmne
495 4103 622 4140 nocerem.
658 4081 817 4154 Singularis
836 4090 970 4154 quaedam
986 4079 1138 4144 aliquoties
1155 4078 1298 4132 invenitur

96 4172 277 4238 brachylogia,
306 4178 337 4224 ut
352 4185 368 4224 e
385 4177 571 4234 praecedente
587 4161 754 4227 accusativo
774 4173 946 4238 pronominis
964 4165 1078 4220 relativi
1094 4161 1295 4228 intelligendus

98 4261 129 4310 sit
142 4259 256 4310 eiusdem
274 4258 447 4320 pronominis
465 4261 663 4332 nominativus,
682 4270 712 4312 nt
730 4259 834 4310 Coum.
853 4258 875 4322 l,
893 4256 972 4320 t‚'l⁷·
989 4249 1074 4316 qood
1091 4255 1191 4303 neten
1209 4253 1297 4306 hirom

97 4351 216 4408 onomat,
231 4343 390 4412 habeturque
403 4345 576 4414 praecipuum
594 4341 852 4404 intestinorum,‘(ci.
870 4340 948 4390 Gom.
966 4335 1050 4402 l,1d‚
1067 4336 1115 4402 183
1133 4339 1192 4390 Sat.
1208 4339 1232 4405 1,
1251 4342 1294 4413 lb,

100 4430 155 4496 lt).
183 4431 212 4480 ln
231 4431 350 4483 verbis
367 4432 525 4490 liberiorem
542 4430 732 4494 deprehendes
749 4422 880 4475 infinitivi
899 4430 928 4476 et
944 4423 1073 4489 gerardii
1087 4439 1178 4478 usum.
1213 4432 1298 4479 Nam·

100 4529 144 4582 que
159 4515 363 4590 infinitivus
383 4520 460 4574 velut
477 4529 577 4569 nomen
594 4515 707 4566 verbulo
722 4510 848 4576 iungitur
864 4514 894 4564 et
912 4525 973 4564 eum
989 4511 1115 4575 genitivo
1132 4515 1257 4569 subiecti
1268 4519 1298 4562 et
