2950 4992
149 149 214 194 ιιιι
593 118 928 190 PROLEGOMENA.

149 295 291 356 nitiuuen,
309 291 388 345 illam
403 306 475 360 quae
494 288 600 360 legitur
618 290 668 343 llb.
685 291 709 356 Ι,
727 305 790 359 cap.
799 295 843 357 Μ,
862 293 876 360 5
893 296 994 359 tdaqq.
1007 289 1155 344 babeudae
1172 294 1260 354 cnut,
1278 296 1331 343 aut
1349 291 1389 344 iu

150 379 198 434 bln
212 385 319 446 neptem
337 375 419 430 librin
436 375 532 438 ierint,
548 383 597 432 aut
614 383 710 445 putent
733 377 782 430 ubi
799 377 965 441 exciderint,
982 382 1010 430 et
1021 377 1299 429 omniaabnolrenda
1312 377 1390 429 tne-

152 465 210 518 rint
227 463 334 529 triduo,
359 477 442 529 quern
460 463 620 532 legitimam
639 463 747 516 dierum
764 479 910 516 nurnerum
928 462 1126 516 Saturnalibus
1143 463 1267 514 dicatum
1285 463 1390 516 iuinae

153 567 188 604 ux
204 550 254 603 lib.
271 549 300 616 Ι,
319 565 377 616 cap.
399 551 444 614 tu,
463 551 479 613 s
497 553 540 603 26.
558 549 750 618 intelligimur
766 549 826 614 (ubl
844 549 901 602 rid.
919 549 1146 612 adnotationem).
1183 549 1263 614 Quod
1282 548 1306 600 ni
1329 567 1391 600 ve-

151 652 215 690 rem
230 641 283 700 ent,
297 652 330 688 ea
347 633 418 702 ipain
435 633 644 700 Saturnalium,
663 641 694 688 ut
714 651 800 703 repra
817 635 886 700 diri,
903 642 994 702 potent
1011 633 1131 705 probari,
1151 633 1390 687 Commentariun

151 721 180 774 iu
199 719 344 774 Somnium
363 719 503 790 scipioni·
521 721 650 787 minime,
665 720 693 774 id
712 720 785 786 quod
805 721 896 772 voluit
912 719 942 772 0.
960 721 1109 786 Parthian,
1131 737 1226 772 eorum
1245 737 1309 772 enne
1328 736 1388 789 pu·

154 805 244 858 tuinne
262 812 379 874 partem.

218 895 244 946 3.
281 893 359 946 llaec
381 890 619 953 conciderentur,
647 887 734 942 iacile
761 888 871 941 ridebin
897 891 987 942 multa
1012 892 1123 960 quidem
1147 891 1245 945 iutilia
1268 892 1296 944 in
1320 891 1389 944 boe

152 992 236 1044 opere
258 976 365 1041 leenae,
393 978 442 1028 ned
465 992 518 1028 eeu
546 974 639 1028 minua
658 973 745 1026 multa
764 973 866 1040 quibua
886 975 940 1028 riri
957 977 1003 1028 vcl
1024 977 1181 1030 duetinnlmi
1205 979 1233 1030 in
1253 976 1389 1044 antiqui-

152 1061 220 1114 tatia
237 1060 338 1113 etudiin
355 1065 503 1113 nannenten
518 1077 571 1114 noe
590 1059 698 1129 ponaint
718 1075 825 1125 carere,
844 1078 1025 1129 nequeam,
1044 1063 1074 1116 ld
1093 1065 1165 1130 quod
1184 1062 1266 1116 multi
1284 1062 1388 1114 credi-

153 1147 263 1208 derent,
286 1147 383 1198 rudem
403 1145 629 1215 indigentemque
647 1147 762 1208 molem,
790 1145 838 1198 ned
859 1153 974 1213 propter
996 1147 1150 1202 immeunen
1168 1149 1285 1202 lacunae
1304 1165 1388 1201 nune

153 1229 245 1298 megin
262 1229 353 1284 rideri
368 1229 540 1286 inconditum
559 1233 613 1286 buc
637 1250 707 1302 opua
725 1248 808 1299 qnam
825 1232 911 1286 inerit
928 1233 1007 1285 olim.

220 1315 252 1370 Si
269 1321 363 1372 aetem
382 1318 549 1386 quaesierit,
568 1321 638 1389 qnod
658 1318 745 1372 fuerit
768 1319 892 1370 aucturin
909 1318 1059 1370 concilium
1077 1318 1106 1370 in
1124 1319 1179 1371 boe
1197 1335 1282 1387 opere
1301 1333 1386 1371 com-

153 1405 294 1472 ponendo,
320 1404 447 1460 inveniar
469 1423 533 1459 eum
551 1406 676 1460 roluiene
698 1422 760 1456 cum
782 1404 890 1458 variam
913 1421 946 1456 eo
970 1404 1118 1473 complecti
1140 1406 1296 1457 doctrinam
1318 1411 1384 1457 tum

154 1491 235 1555 quani
252 1506 353 1544 nurum
377 1492 470 1546 iacere
492 1494 704 1547 fundamentum
728 1490 895 1557 decrepidae
920 1490 972 1543 llle
995 1497 1119 1558 tempore
1143 1497 1172 1544 et
1194 1491 1385 1543 moribundae

153 1575 349 1645 mytholuglae
365 1579 506 1646 antiquae·
542 1580 648 1632 iccirco
667 1577 761 1631 ntudet
772 1576 835 1642 (lib.
852 1575 875 1639 Ι,
893 1593 918 1627 c.
933 1580 965 1630 lt
978 1578 1050 1643 nqq.)
1069 1577 1104 1629 ad
1122 1593 1207 1629 uuum
1223 1579 1314 1628 aulem
1334 1594 1385 1628 re·

153 1660 230 1714 icrre
246 1679 342 1716 omnen
359 1663 435 1728 deon,
447 1672 475 1716 et
486 1683 583 1716 omnen
598 1666 664 1716 illua
681 1663 883 1730 „edecuauaton
900 1663 1032 1714 nudalun“
1045 1662 1072 1714 ia
1092 1679 1124 1715 eo
1143 1663 1213 1715 iecit
1229 1664 1382 1715 elaboran-

154 1750 207 1810 ten,
226 1752 257 1799 ut
273 1749 398 1800 refutent
416 1764 478 1799 eum
493 1749 541 1814 qui
560 1749 677 1801 irrideat
696 1755 807 1801 reteren
826 1747 893 1799 illae
911 1747 1081 1816 religionen,
1099 1748 1326 1816 Evangelnm‚
1346 1749 1384 1800 de
1462 1758 1463 1787 ³

154 1845 208 1895 quo
227 1830 292 1895 quid
314 1831 492 1882 ntatuendum
511 1848 573 1882 enne
592 1832 718 1883 ridentur
732 1831 950 1884 munntrobimun
974 1833 1049 1885 inira
1067 1835 1103 1900 (4.
1115 1832 1174 1898 ιιι.)
1194 1834 1384 1886 Commenda-

153 1911 256 1964 tionem
268 1917 360 1964 euntem
371 1915 465 1980 operia
476 1915 588 1968 videtur
597 1916 698 1966 ducere
708 1914 832 1966 vuluinne
841 1917 876 1964 nb
885 1914 1045 1967 imitatione
1054 1918 1230 1984 dialogorum
1239 1917 1382 1970 Plutonia.

221 1999 245 2049 4.
276 1997 340 2050 ⁴laur
360 2015 424 2049 uero
442 1999 476 2048 de
494 1998 530 2052 iia
546 2016 615 2065 quoa
633 1999 661 2050 in
681 1999 736 2049 hoe
756 2014 842 2064 opere
864 1997 939 2051 iuter
962 2014 993 2048 ae
1010 2000 1213 2065 colloquentem
1225 1999 1296 2048 iacit
1316 1999 1381 2048 bia·

155 2081 267 2132 crebiun
284 2098 356 2148 quae
374 2091 517 2149 comperta
532 2084 669 2136 babemus
688 2083 874 2152 proteramun.

221 2165 325 2219 Omnen
348 2168 384 2220 ad
403 2185 517 2221 euenum
541 2171 675 2222 invitatur
698 2168 848 2220 nobilitate
864 2168 911 2219 vel
932 2165 1061 2218 doctrina
1077 2165 1248 2218 excelluinne
1266 2165 1383 2216 Macro-

154 2251 218 2305 biun
236 2252 298 2321 ipae
317 2255 509 2321 compluribus
528 2255 600 2308 leuia
620 2255 654 2320 (Ι,
674 2259 698 2320 l,
717 2254 747 2321 ἣ
768 2257 872 2317 tet43
895 2253 919 2314 Ι,
938 2257 964 2315 d,
987 2256 1031 2317 133
1054 2253 1092 2318 ΙΙ,
1109 2257 1133 2319 Ι,
1159 2253 1195 2317 3,)
1221 2251 1300 2303 dicit.
1339 2251 1382 2304 lli

154 2344 236 2391 nunt:
263 2340 297 2407 Q.
314 2340 446 2394 Aurelian
463 2340 668 2411 Symmachus,
696 2339 884 2392 Nicomacbun
901 2336 1071 2405 Flavianae,
1093 2337 1214 2390 Caecina
1231 2342 1260 2389 et
1276 2335 1384 2390 Puriun

155 2425 260 2492 Albini,
278 2424 409 2492 Avienus,
427 2427 552 2495 Serviun,
570 2427 747 2491 Euolatbiun,
764 2426 919 2488 Eusebius,
937 2441 1000 2476 eum
1020 2423 1112 2476 l'etti'o
1130 2424 1312 2474 Praetextato
1330 2438 1383 2474 no·

154 2529 216 2565 uem
235 2529 365 2579 uumer03
385 2531 471 2583 quaere
486 2515 586 2568 vitium
606 2518 723 2567 nubenne
741 2511 868 2575 videtur,
886 2510 911 2562 ni
926 2509 1057 2562 dicuntur
1073 2510 1107 2575 (Ι,
1124 2514 1151 2571 t,
1175 2510 1228 2570 12.)
1243 2516 1382 2575 eccepto

156 2615 221 2667 rege
240 2600 354 2652 conuiuii
376 2607 416 2651 tut
437 2617 499 2653 enne
522 2609 589 2669 quot
606 2603 705 2654 Munna
724 2603 799 2652 nent.
834 2594 1043 2663 Superveniunt
1059 2600 1153 2646 autem
1174 2593 1303 2646 Dinariua
1319 2594 1382 2646 llo·
1461 2622 1462 2653 2

157 2683 394 2758 runCErengelun.
427 2685 546 2737 Praeter
562 2687 615 2738 luen
629 2683 790 2738 nominandi
808 2687 874 2735 ruet
888 2680 992 2732 lleeien
1013 2685 1042 2731 et
1058 2678 1266 2744 Pontumianen‚
1283 2696 1300 2730 e
1318 2678 1379 2746 qui·
1461 2656 1462 2745 i

157 2768 210 2818 bun
226 2763 275 2817 bic
299 2767 344 2818 illi
362 2782 457 2818 omnen
474 2767 525 2820 hun
541 2786 686 2822 sermonen
702 2771 790 2821 reiert
807 2785 841 2820 ex
859 2783 919 2827 ore,
937 2771 968 2816 ut
985 2765 1047 2833 ipne
1061 2767 1110 2831 ait,
1127 2763 1233 2817 Avieni.
1353 2771 1356 2777 '

225 2866 250 2902 u.
279 2849 417 2901 Vettiun
437 2850 690 2905 Praetextatun
716 2852 821 2905 dicitur
844 2852 973 2915 1,5,1a.
1009 2839 1271 2915 conuenturree,l‚
1290 2854 1316 2912 7,
1336 2850 1377 2899 lb.

157 2934 225 2999 (nini
243 2933 468 2998 nubentritium)
486 2951 532 2986 ren
550 2938 677 3004 conuiuii,
702 2939 745 3000 ΙΙ,
763 2941 793 2999 Ι,
810 2938 836 2985 il.
869 2951 916 2986 rec
933 2951 1050 2998 mennae,
1072 2935 1125 2986 buc
1142 2935 1205 3004 ipro
1224 2937 1286 2988 lecu
1304 2951 1379 2985 com-

158 3024 275 3088 paretur
294 3037 355 3072 eum
372 3018 503 3081 Socrate,
522 3037 576 3086 quo
591 3021 695 3073 dicitur
715 3024 743 3073 in
765 3021 879 3072 muribus
898 3037 953 3072 nen
972 3037 1035 3072 eene
1050 3022 1150 3086 minor,
1174 3023 1203 3075 in
1223 3038 1252 3074 re
1273 3021 1378 3089 publice
1459 3050 1460 3077 ι

159 3106 307 3172 efficacior,
336 3104 412 3170 etl,
435 3109 466 3170 5,
486 3107 511 3156 4.
534 3105 560 3158 el
585 3105 718 3158 tribuitur
741 3105 852 3157 morelio
873 3107 1006 3174 grauiter.
1041 3105 1103 3157 Lib.
1120 3107 1148 3171 Ι,
1168 3111 1215 3173 Π,
1237 3112 1252 3158 l
1277 3105 1378 3157 dicitnr

157 3190 248 3242 iuinae
268 3207 401 3242 ramerum
421 3192 535 3242 omnium
557 3193 681 3260 praescrip
715 3191 837 3243 Avienus
860 3191 888 3255 Ι,
912 3194 945 3254 6,
965 3195 989 3241 3.
1026 3191 1201 3245 Praetextati
1223 3209 1316 3245 numen
1337 3191 1377 3244 ait

158 3291 221 3326 eane
238 3292 342 3328 aeorum
362 3277 411 3328 ribi
428 3295 460 3328 au
477 3279 651 3347 reipublicee3
671 3279 699 3344 Ι,
715 3280 762 3340 24,
782 3282 805 3330 l.
829 3278 945 3331 laedant
963 3277 1005 3329 lric
1020 3279 1188 3345 memoriam,
1220 3280 1266 3331 illc
1282 3278 1377 3330 ecurt.

158 3379 234 3426 nem,
259 3363 347 3414 euecti
365 3365 536 3433 religionem,
563 3367 736 3432 adfirmentur
753 3365 894 3417 lanceare
911 3364 1045 3415 erclrenec
1063 3366 1172 3416 deorum
1189 3372 1303 3417 naturae
1315 3381 1375 3415 cen·

158 3451 239 3502 auium
257 3452 303 3518 qui
320 3452 392 3503 cuiue
410 3452 503 3503 divine
517 3459 542 3504 et
561 3453 673 3520 adsequi
693 3453 783 3504 errimu
803 3459 828 3503 et
851 3451 939 3517 eloqui
957 3460 1045 3518 poscet
1062 3452 1186 3518 ingenior
1213 3457 1242 3502 et
1261 3449 1376 3504 deieuun

158 3534 181 3596 Ι,
199 3540 225 3596 t,
243 3539 282 3586 lt.
302 3553 365 3588 eum
383 3537 454 3590 dioit
472 3555 606 3590 caurorum
628 3541 743 3591 emnium
756 3539 832 3590 unice
849 3539 987 3598 canceium,
1006 3543 1089 3602 utque
1108 3536 1169 3603 ipae
1186 3536 1234 3602 (ib.
1252 3537 1303 3600 8.)ι
1323 3536 1374 3586 Sa·

160 3619 351 3685 tacuellarum,
370 3621 462 3689 inquit
479 3624 609 3692 originem
622 3625 697 3676 illum
715 3624 781 3675 milri
797 3625 826 3674 in
841 3623 955 3675 medium
971 3626 1091 3691 proferre
1107 3626 1154 3684 tue
1169 3631 1222 3688 cet,
1244 3639 1297 3674 nen
1313 3639 1376 3690 puer

160 3704 197 3756 ad
220 3703 365 3755 arabonam
388 3706 538 3758 divinitatio
562 3715 687 3759 naturam
713 3711 841 3774 refertur,
869 3710 915 3761 ned
936 3725 1005 3776 puae
1028 3715 1077 3761 aut
1097 3709 1233 3774 sabulone
1257 3709 1371 3760 ednirte

159 3788 298 3842 disseritur
322 3795 370 3841 eut
394 3806 412 3840 a
429 3790 544 3857 phynicia
560 3793 589 3844 iu
606 3792 705 3860 uulgus
721 3795 848 3859 aperitur.
886 3795 990 3847 (luntre
1010 3793 1171 3861 Evangelea
1188 3795 1212 3858 1,
1232 3798 1274 3857 ΙΙ,
1292 3797 1315 3844 l.
1332 3792 1373 3844 ie·

158 3880 239 3927 cenat
250 3890 323 3937 cem,
340 3874 412 3940 quod
430 3876 544 3929 studeat
558 3878 661 3946 ingenii
677 3895 790 3946 pompae
807 3888 833 3934 et
849 3881 1019 3934 attentationi
1035 3880 1168 3946 loquendi,
1182 3885 1219 3942 et,
1233 3881 1296 3947 puio
1304 3880 1373 3946 prin·

159 3976 218 4027 cepe
240 3960 426 4030 religioaurum
445 3971 567 4031 putetur,
596 3964 725 4015 nonnulle
746 3971 772 4017 et
796 3966 988 4033 euperrtitionic
1010 3967 1163 4018 admicceot.
1198 3965 1322 4032 Denique
1341 3981 1373 4017 er

160 4043 197 4096 iia
215 4063 286 4112 quae
309 4046 443 4116 leguntur
459 4047 510 4100 lib.
528 4047 551 4113 Ι,
567 4065 591 4100 e.
614 4051 636 4110 Ι,
653 4047 667 4114 5
685 4052 727 4099 5.:
750 4050 804 4101 Nec
821 4051 886 4103 milri
898 4050 998 4116 fraudi
1014 4051 1064 4115 ait,
1082 4052 1106 4103 ci
1121 4053 1169 4104 uni
1186 4058 1235 4105 eet
1252 4051 1327 4103 alteri
1341 4066 1371 4104 ea

160 4129 202 4181 irie
230 4149 294 4198 quoe
317 4141 404 4187 cortun
426 4134 513 4202 coegit
533 4141 639 4185 mature
662 4141 738 4186 cetea
758 4136 926 4202 portarier
950 4136 1058 4186 ceculo
1086 4137 1296 4192 Praetextati
1310 4136 1371 4203 suit,

160 4219 228 4266 netu
244 4215 394 4272 maximnm
413 4237 475 4273 eum
495 4217 599 4286 ieiune,
610 4218 763 4271 coniicias.
1203 4215 1212 4232 ‘

227 4296 379 4366 Complura
391 4304 467 4357 baud
486 4303 691 4373 praetereunda
709 4304 745 4355 de
762 4304 941 4356 Praetextato
960 4303 1102 4370 congenuit
1118 4306 1219 4359 ΜιΙιιιΙ
1240 4307 1261 4358 Ι.
1277 4323 1313 4370 a,
1328 4305 1371 4373 qui

161 4381 249 4434 refert
281 4400 352 4437 anuo
382 4389 610 4442 GCGGLXXXIV
641 4409 667 4460 p.
702 4389 756 4441 Cb.
788 4403 852 4440 euru
880 4387 970 4439 ieiune
997 4387 1175 4457 designatum
1206 4391 1369 4460 praelectum

161 4466 223 4520 urbi
244 4469 288 4529 ¹¹)
308 4467 525 4538 imperatorium
542 4475 738 4529 Valentiniano
756 4483 785 4528 et
801 4474 928 4540 Valente,
946 4479 974 4526 et
987 4474 1190 4530 Gothoiredum
1212 4478 1258 4542 ¹²)
1276 4475 1371 4528 codicia

160 4552 305 4606 cuiusdam
324 4571 409 4610 manu
429 4558 528 4626 ncripti
552 4560 721 4613 auctoritate
740 4558 906 4612 confirmare
924 4559 1022 4612 eodem
1044 4560 1098 4613 illo
1115 4577 1187 4616 auno
1206 4579 1270 4616 eum
1292 4562 1371 4619 ieiune
