2950 4992
155 169 232 236 xlv
667 193 860 240 arenarios

154 339 303 424 gitaretur
331 341 537 428 interpunctio
567 341 646 408 inter
675 342 767 408 colon
790 343 823 408 et
846 342 926 408 inter
950 363 1071 408 comm
1095 342 1205 408 media
1248 344 1287 408 ln
1314 341 1371 408 bae

155 463 222 507 mea
244 443 478 529 interpungendi
497 444 615 510 ratione
634 444 665 508 id
686 443 813 509 forsitan
832 444 943 529 aliquis
964 444 1179 530 reprehendat,
1200 445 1285 530 quod
1308 466 1372 510 non

154 544 228 609 satis
247 566 284 610 ea
302 545 360 610 sibi
378 552 509 611 constet:
530 553 563 610 at
580 565 650 611 eum
670 546 756 631 optio
774 552 863 623 esset,
884 554 990 612 utrum
1009 547 1199 612 constantiae
1215 546 1369 632 prospice·

153 666 218 712 rem
249 667 288 712 an
318 647 536 713 sententiarum
567 647 790 734 perspicuitati,
827 647 908 713 illam
938 646 1011 713 buie
1036 648 1276 734 posthabendam
1302 668 1370 712 esse

153 747 267 826 censiti,
290 769 368 833 quae
389 749 420 814 in
442 749 494 814 tali
516 748 640 834 quidem
660 749 808 836 scriptore
826 769 883 836 pro
903 770 1022 816 summa
1041 750 1110 836 lege
1128 749 1268 816 habenda
1288 756 1344 814 est

237 951 323 1017 Idem
355 953 489 1039 spectavi
519 953 550 1018 in
579 953 664 1020 brevi
697 953 933 1019 adnotatione
966 974 1058 1038 mam
1088 953 1192 1018 addidi
1222 951 1366 1038 operibus

150 1052 312 1131 Macrobii,
344 1075 413 1118 narn
434 1054 601 1139 (Ciceronis
626 1055 786 1121 Somnium
815 1055 968 1140 Scipionis
996 1055 1235 1141 fragmentorum
1264 1054 1303 1118 de
1331 1072 1365 1117 re

151 1153 272 1238 publica
287 1155 454 1220 editoribus
469 1156 728 1242 interpretandum
744 1156 917 1243 relinquere
931 1179 981 1222 me
996 1179 1086 1244 posse
1100 1156 1227 1244 putaui:
1242 1164 1284 1233 et,
1295 1174 1364 1221 cum

150 1256 247 1320 multo
270 1257 372 1342 plmes
394 1259 521 1344 singulis
541 1259 591 1322 illa
613 1259 689 1324 locis
709 1259 828 1324 soleant
849 1259 998 1345 inspicere
1021 1280 1113 1344 mam
1138 1258 1269 1324 lectione
1291 1277 1365 1321 con-

148 1357 234 1422 tinua
255 1379 423 1444 peragrare,
445 1360 475 1424 id
494 1360 542 1446 egi
563 1361 767 1446 potissimum,
786 1368 824 1425 ut
840 1365 895 1447 p'er
917 1383 950 1426 se
971 1381 1113 1446 qsmequc
1134 1365 1259 1447 possent
1275 1357 1364 1422 intel·

148 1459 209 1543 ligi.
252 1461 395 1548 Receptis
417 1482 489 1548 ergo
512 1462 549 1527 iis
570 1483 649 1549 quae
668 1463 707 1528 ad
730 1462 866 1547 singulos
886 1463 971 1529 locos
991 1461 1235 1548 interpretandos
1254 1466 1363 1524 contu·

148 1561 249 1626 lerunt
268 1564 440 1648 superiores
463 1565 609 1643 editores,
639 1565 736 1631 adieci
762 1586 842 1651 quae
866 1586 946 1652 opus
969 1586 1037 1630 esse
1065 1563 1240 1630 viderentur
1264 1567 1296 1627 et
1323 1559 1364 1624 ad

147 1663 297 1728 tollendas
319 1663 511 1731 difficrdtates
536 1675 599 1732 tarn
622 1668 653 1732 in
676 1669 769 1732 rebus
793 1689 886 1753 quam
907 1667 940 1732 in
964 1667 1064 1735 serbis
1085 1666 1158 1732 sitas
1177 1663 1268 1730 etad
1288 1681 1362 1728 con·

146 1765 294 1829 firmanda
317 1767 363 1829 vel
386 1765 574 1836 defendenda
596 1787 632 1830 ea
653 1787 732 1851 quae
756 1769 788 1832 in
811 1755 973 1836 verborum
998 1777 1174 1836 contextum
1198 1787 1217 1831 a
1241 1786 1291 1830 me
1314 1784 1362 1836 et·

147 1875 215 1930 sent
239 1865 341 1930 ascita.
386 1865 435 1930 Ad
461 1866 543 1950 leges
568 1866 779 1948 grammaticas
800 1871 884 1953 quod
904 1872 1027 1950 attinet,
1058 1871 1132 1938 satis
1152 1868 1246 1934 habiri
1269 1866 1364 1932 citare

146 1987 199 2032 eos
216 1967 300 2031 locos
321 1966 352 2030 in
372 1967 483 2052 quibus
500 1966 615 2051 aliquid
633 1965 784 2051 singulare
806 1968 970 2053 legeretur:
1000 1972 1039 2036 de
1062 1971 1217 2056 scriptoris
1236 1989 1298 2033 usu
1316 1965 1361 2030 di-

146 2069 234 2135 cendi
254 2068 302 2153 egi
320 2076 476 2153 praeterea
496 2069 527 2132 in
547 2069 785 2154 prolegomenis,
803 2091 869 2156 cap.
889 2071 947 2135 111.
990 2071 1166 2155 Largiorem
1189 2066 1360 2133 adnotatio·

145 2192 215 2236 nem
233 2170 345 2235 addere
366 2170 464 2248 nolui,
483 2192 522 2236 nc
540 2170 630 2236 nimis
652 2171 867 2237 extenderetur
882 2171 1038 2249 volumen,
1059 2191 1136 2236 neve
1156 2169 1247 2234 nimis
1267 2183 1359 2250 auge·

145 2281 230 2340 retur
263 2272 392 2358 pretium
423 2271 515 2338 huius
528 2306 530 2314 1
544 2273 685 2340 editionis
721 2293 813 2360 quarn
848 2273 1006 2339 hominum
1038 2270 1228 2356 antiquitatis
1258 2267 1360 2333 studia

145 2375 349 2442 exercentium
364 2376 503 2441 manibus
514 2377 620 2442 vellem
637 2381 736 2461 usque
745 2375 871 2441 versari:
886 2398 952 2453 nec,
961 2376 987 2440 si
998 2374 1171 2450 voluissem,
1181 2371 1358 2458 pobrissem.

143 2479 219 2544 Nam
243 2479 510 2557 commentarium,
542 2501 633 2565 quern
657 2478 777 2556 dicunt,
809 2487 990 2564 perpetuum
1014 2477 1047 2542 in
1063 2475 1254 2543 Macrobium
1274 2493 1358 2537 com-

143 2600 257 2665 ponere
285 2582 311 2644 is
340 2590 458 2647 unnim
490 2590 604 2666 potest,
638 2582 688 2647 eui
717 2590 751 2646 et
775 2581 859 2647 varia
883 2580 1016 2646 eruditio
1041 2587 1134 2664 atque
1159 2575 1297 2643 doctrina
1326 2579 1360 2638 et

142 2700 252 2764 magna
281 2682 427 2746 librorum
459 2691 601 2766 suppetat
633 2683 729 2768 copia.
774 2684 947 2767 Utrumque
977 2705 1027 2748 me
1059 2680 1190 2746 deficere
1220 2699 1282 2748 non
1311 2681 1360 2740 est

143 2781 227 2866 quod
251 2779 412 2858 affirmem,
444 2796 628 2864 quamquam
652 2784 820 2853 vicinorum
840 2784 1092 2848 bibliothecarum
1116 2779 1274 2866 praelectis
1294 2797 1358 2842 ma·

142 2882 240 2946 simae
261 2881 335 2945 mihi
355 2881 489 2966 agendae
510 2889 582 2944 sunt
605 2881 731 2964 gratiae,
761 2883 845 2965 quod
864 2883 1014 2965 quidquid
1035 2884 1183 2946 libromm
1202 2904 1220 2946 a
1239 2902 1290 2946 me
1311 2901 1358 2945 re·

142 2983 324 3071 quisitorum
348 2983 513 3058 hebebant,
545 3002 664 3046 summa
689 3003 759 3046 cuni
782 2981 961 3045 liberalitate
982 2981 1057 3045 mibi
1077 2981 1357 3064 suppeditaverunt

142 3085 383 3153 Saturnaliorum
400 3103 472 3148 vero
493 3083 561 3147 libri
584 3083 701 3167 aliquot
723 3082 816 3167 paulo
834 3081 1008 3146 uberiorem
1026 3081 1165 3166 llagitant
1185 3081 1357 3146 adnotatio·

113 3259 116 3264 ,
141 3209 219 3254 nern.
264 3187 302 3250 In
323 3185 556 3250 Commentariis
571 3184 609 3249 ad
631 3185 790 3250 Somnium
813 3182 964 3267 Scipionis
989 3182 1060 3248 inde
1079 3183 1189 3248 e'libri
1208 3184 1233 3247 Ι.
1258 3183 1357 3268 capite

141 3291 192 3355 ΙΙ.
215 3309 264 3354 me
285 3286 473 3352 adnotationi
496 3286 594 3371 primo
615 3285 805 3372 conscriptae
826 3285 971 3350 nonnulla
992 3284 1145 3350 addidisse
1161 3305 1253 3370 supra
1272 3307 1356 3350 com-

140 3390 314 3458 memoravi.
361 3390 450 3469 Quae
474 3388 724 3454 antecedentibus
750 3396 838 3453 crant
863 3387 1003 3453 addenda
1022 3409 1093 3452 curn
1114 3387 1181 3452 aliis
1203 3387 1356 3452 nonnullis

139 3494 210 3560 huic
236 3492 382 3557 volumini
407 3492 532 3556 subieci.
576 3491 749 3556 Excursunr
776 3491 814 3556 ad
840 3489 1137 3555 Commentariorum
1161 3489 1230 3554 libri
1255 3491 1281 3554 Ι.
1305 3511 1354 3553 ca-

139 3603 195 3679 put
217 3594 269 3657 20.
291 3593 362 3658 huic
388 3594 473 3678 operi
494 3593 616 3658 subdidi
635 3593 761 3658 adiectis
782 3591 931 3676 excerptis
955 3591 1012 3656 illis
1034 3591 1256 3656 mathematicis
1275 3611 1355 3675 quae

139 3699 199 3760 lac.
220 3693 393 3759 Gronovius
416 3694 542 3758 inseruit
563 3693 751 3780 praelationi,
770 3695 794 3758 1.
811 3693 846 3760 C.
863 3693 997 3758 Zeunius
1016 3693 1206 3758 adnotationi
1227 3692 1266 3758 ad
1285 3693 1355 3758 libri

139 3801 179 3862 ll.
197 3802 290 3883 caput
309 3795 338 3860 5.

224 4002 260 4063 ln
287 3997 550 4085 prolegomenis
582 3997 713 4082 primum
741 3998 816 4083 (cap.
843 3998 878 4082 Ι.)
904 4003 1083 4081 perseoutars
1109 4017 1178 4060 sum
1202 3996 1354 4080 quidquid
1472 4074 1473 4099 χ

137 4101 229 4167 habui
254 4099 443 4184 exploratum
468 4097 506 4163 de
530 4098 688 4164 Maerebio
717 4099 799 4184 ipso:
831 4098 941 4164 deinde
970 4098 1046 4183 (cap.
1071 4099 1122 4183 Π.)
1156 4097 1285 4162 disserui
1314 4098 1354 4164 de
1472 4102 1473 4107 ’

137 4202 203 4267 eius
223 4203 366 4286 operibus
388 4208 481 4286 atque
502 4199 540 4264 de
559 4219 664 4264 eorum
683 4200 915 4286 compositione,
936 4206 973 4264 ut
994 4206 1026 4263 et
1045 4197 1211 4264 refellerem
1234 4199 1352 4284 opinio-

136 4324 206 4368 nem
229 4323 335 4367 eorum
357 4303 411 4389 qui
432 4301 530 4370 varias
551 4309 644 4386 atque
666 4301 798 4368 diversas
821 4321 871 4367 res
893 4307 1036 4386 putarent
1060 4300 1145 4365 nullo
1169 4301 1297 4366 consilio
1322 4302 1352 4366 in

107 4457 114 4468 .
136 4426 172 4472 ea
192 4425 259 4469 esse
277 4412 445 4488 congestas,
466 4412 498 4468 et
518 4403 703 4488 gratificarer
722 4404 759 4470 iis
777 4403 831 4489 qui
849 4403 923 4489 quid
946 4402 978 4466 in
998 4401 1036 4467 iis
1056 4401 1170 4468 inesset
1188 4402 1279 4480 scire,
1298 4425 1351 4468 ne-

137 4527 197 4593 que
217 4513 319 4572 nmen
339 4505 493 4590 perlegere
514 4505 624 4572 vellent
643 4513 721 4572 tota:
751 4513 818 4572 turn
840 4505 916 4591 (cap.
939 4506 1008 4590 ΙΙΙ.)
1028 4504 1078 4588 egi
1099 4503 1139 4570 de
1159 4523 1300 4570 sermone
1320 4512 1353 4571 et
