2950 4992
590 169 784 215 enarrarre.
1236 151 1298 216 XV

75 327 115 391 de
137 321 366 410 orthographia:
396 330 464 388 turn
490 320 566 406 (cap
587 319 654 404 lv.)
680 318 720 383 de
744 336 851 383 eorum
874 314 944 382 latis
963 326 997 383 et
1015 317 1057 385 de
1072 318 1200 385 dirersis
1219 343 1297 410 qus

76 427 160 492 docti
181 426 320 492 homines
340 425 378 491 de
398 424 436 488 iis
459 421 653 508 protulerunt
674 418 845 484 sententiis:
868 417 1000 505 denique
1021 424 1196 491 enumeravi
1220 427 1296 514 (esp.

76 530 126 615 V.)
151 527 272 593 codices
298 523 543 608 manuscriptos
567 521 680 606 quibus
700 539 777 585 usus
801 521 1122 611 sum‚et(eap.V1.)
1146 526 1297 596 editiones

76 637 231 717 quotquot
251 635 307 695 aut
326 649 385 712 ego
407 625 470 692 ridi
490 622 595 690 autin
616 621 721 708 alique
740 620 928 714 bibliotheca
951 621 1078 688 inveniri
1097 647 1137 691 ex
1155 627 1222 694 aliis
1240 651 1296 696 au.

76 731 147 798 divi.

163 935 202 996 ln
223 951 343 997 summa
364 929 469 1016 quavis
489 927 598 1015 pagina
618 948 680 991 non
701 935 821 993 tantum
843 925 956 992 librum
978 927 1096 1006 notari,
1126 930 1180 996 sed
1205 933 1296 999 etiam

76 1034 120 1119 (id
148 1033 233 1117 quod
259 1032 418 1118 bucusque
443 1031 474 1095 in
501 1029 565 1095 sola
589 1028 723 1095 editione
747 1028 942 1095 Gronoriana
965 1025 1079 1094 lactum
1102 1032 1159 1118 est)
1183 1036 1298 1121 capita:

77 1133 198 1218 singule
220 1133 317 1219 capita
341 1133 427 1199 divisi
450 1132 481 1196 in
502 1131 721 1218 paragrapbos:
752 1139 894 1216 excerpta
916 1151 934 1194 e
959 1129 1037 1195 libro
1059 1131 1098 1196 de
1118 1133 1297 1204 differentiis

78 1243 110 1299 et
128 1235 324 1300 societatibus
345 1234 455 1302 Graeci
471 1233 635 1319 Latinique
652 1232 737 1298 verbi
758 1240 790 1296 et
808 1230 917 1296 incerti
938 1233 1072 1297 auctoris
1093 1231 1296 1321 fragmentum

77 1336 116 1401 de
135 1337 227 1402 verbo
246 1337 392 1424 incapite
412 1344 444 1402 et
465 1336 496 1400 in
512 1332 730 1421 peragrepbos:
751 1333 824 1398 huic
844 1331 948 1397 addidi
963 1333 1180 1402 Analectorum
1196 1361 1296 1424 gram.

75 1438 257 1503 meticorum
280 1447 311 1503 et
332 1437 537 1524 paragrapbos
555 1445 586 1501 et
602 1435 737 1520 paginas,
761 1433 906 1518 operibus
925 1433 1131 1500 Macrobianis
1155 1438 1299 1506 editionis

73 1540 258 1624 Bipontinae
278 1539 414 1625 paginas.
459 1538 558 1603 Alteri
575 1535 737 1611 volumini,
765 1534 849 1619 quod
870 1534 931 1599 boc
952 1533 1020 1620 ipso
1041 1554 1122 1602 anno
1140 1560 1190 1604 me
1205 1541 1297 1608 eliso.

75 1641 213 1706 luturum
242 1662 309 1706 esse
339 1645 443 1724 spero,
475 1638 626 1702 addentur
656 1634 807 1713 indices,
837 1655 918 1699 unus
947 1636 1144 1722 scriptomm,
1173 1641 1204 1706 in
1234 1664 1297 1728 quo

76 1743 267 1806 enumerabo
296 1759 404 1805 omnes
436 1738 520 1804 locos
546 1759 564 1803 a
587 1737 747 1803 Macrobio
769 1737 877 1802 citatos
900 1745 932 1802 et
956 1737 1103 1805 disseram
1127 1742 1166 1808 de
1195 1744 1297 1810 miuus

78 1841 212 1926 cognitis
246 1840 458 1927 scriptoribus,
494 1839 569 1904 alter
593 1857 695 1904 rerum
722 1845 754 1904 et
778 1840 940 1905 verborum
973 1840 1128 1926 prioribus
1160 1846 1294 1934 locuple-

77 1944 148 2006 tior.

163 2143 213 2210 Ad
235 2142 362 2210 sormam
387 2152 420 2211 et
438 2144 569 2230 speciem
591 2144 683 2210 buius
708 2142 778 2209 libri
799 2143 884 2230 quod
906 2145 1029 2224 attinet,
1058 2148 1235 2237 redemptor
1259 2172 1298 2216 ex

77 2245 183 2311 eedem
207 2267 298 2331 quarn
324 2267 416 2332 supra
441 2246 606 2313 memorari
636 2265 729 2311 cause
755 2265 848 2330 quarn
873 2247 1005 2312 maxime
1030 2250 1128 2332 spatio
1151 2252 1298 2336 pepercit,

76 2369 140 2412 non
160 2348 284 2413 omnino
304 2355 408 2413 tamen
427 2348 564 2432 neglecta
587 2346 750 2431 elegantia:
779 2366 843 2430 quo
864 2343 977 2410 tectum
1000 2355 1060 2423 est,
1089 2357 1139 2424 ut,
1169 2359 1298 2434 quanta-

76 2471 210 2535 cumque
234 2449 336 2514 addita
366 2454 450 2524 sunt,
479 2447 556 2512 haec
581 2447 676 2510 editio
701 2444 794 2528 paulo
817 2453 941 2525 superet
965 2445 1144 2528 paginarum
1170 2471 1300 2518 numero

75 2551 283 2636 Bipontinem.
316 2546 431 2612 Mende
448 2546 531 2608 haud
550 2545 593 2608 ita
614 2543 717 2627 grevia
737 2540 873 2626 quidem,
890 2543 944 2608 sed
964 2544 1162 2632 pluraquam
1182 2551 1299 2632 vellem,

77 2653 279 2736 irrepserunt:
301 2647 389 2710 cuius
407 2644 452 2708 rei
469 2644 558 2727 culpa
576 2643 641 2728 ipse
661 2642 711 2707 ille
727 2664 790 2707 non
809 2642 910 2708 minus
926 2666 1058 2729 premor,
1074 2670 1145 2714 nam
1162 2652 1298 2739 singulae

78 2750 219 2836 plagulae
239 2755 310 2812 ente
334 2767 425 2831 quem
447 2744 532 2830 prelo
553 2744 776 2812 subiicerentur
794 2744 833 2808 ad
853 2765 902 2810 me
920 2747 1131 2831 mittebantur,
1151 2755 1206 2820 sed
1226 2778 1296 2824 curn

79 2849 226 2915 nonnulla
252 2847 343 2913 etiarn
369 2847 400 2910 in
424 2846 460 2911 iis
484 2865 563 2932 quae
586 2852 675 2910 antee
700 2844 880 2930 scripseram
910 2849 1040 2916 solerem
1070 2855 1236 2941 corrigere,
1265 2869 1298 2925 et

78 2952 147 3038 plus
168 2949 259 3016 semel
280 2955 366 3013 tanto
387 2947 525 3012 locorum
543 2947 701 3014 intervallo
718 2947 858 3033 plagulae
876 2950 955 3014 mitti
974 2973 1037 3017 non
1054 2965 1189 3039 possent,
1210 2957 1298 3026 facile

77 3052 143 3118 lieri
165 3058 294 3138 poteret,
314 3057 351 3115 ut
369 3071 407 3114 ex
422 3049 487 3136 ipsa
503 3057 678 3116 correctrua
698 3069 778 3115 nove
798 3049 950 3116 orirentur
966 3062 1074 3120 errata
1119 3057 1210 3137 Quae
1228 3081 1296 3148 rep-

78 3155 156 3242 peri,
178 3153 209 3218 in
230 3151 425 3237 Corrigendis
448 3152 618 3218 emendavi:
649 3150 716 3228 sed,
739 3151 765 3215 si
786 3171 847 3235 qun
870 3150 949 3218 iorte
970 3159 1171 3224 remanserint
1191 3161 1223 3225 in
1243 3183 1296 3249 ap-

78 3264 185 3343 paratu
207 3255 326 3331 critico,
346 3274 386 3319 ne
406 3253 475 3339 quis
496 3261 603 3339 postea
623 3273 760 3338 unquam
780 3252 819 3317 ad
839 3253 1031 3322 Macrobium
1050 3262 1296 3342 pertractandum

78 3359 124 3425 vel
145 3355 369 3422 emendandum
390 3374 549 3439 aggressus
571 3353 696 3420 baereat
721 3355 896 3439 ambiguus,
925 3377 1139 3443 quaecumque
1160 3361 1298 3429 babeoe

79 3457 236 3525 codicibus
258 3455 472 3542 manuscriptis
497 3464 639 3541 excerpta
664 3475 734 3520 curn
760 3456 903 3521 omnibus
928 3478 1006 3542 quas
1032 3459 1130 3525 coemi
1156 3461 1296 3529 editioni-

79 3563 136 3625 bus
158 3560 190 3624 in
211 3557 358 3644 gymnasii
379 3556 592 3633 Ludoviciani‚
608 3555 692 3641 quod
715 3564 764 3622 est
786 3556 975 3636 Suerolrrrti,
997 3559 1182 3630 bibliotheca
1202 3566 1296 3655 depo-

80 3683 148 3727 nam
170 3660 354 3745 euieumque
374 3659 508 3744 petitura
529 3658 685 3724 mittenda.

163 3862 207 3928 Ut
235 3868 337 3926 eutem
368 3860 514 3926 nonnulla
547 3859 725 3947 deliquisse,
761 3861 803 3928 ita
834 3861 931 3928 multa
963 3865 1123 3952 reliquisse
1154 3888 1204 3932 mc
1234 3889 1297 3932 non

81 3966 195 4050 ignoro.
241 3961 305 4042 Qui
329 3981 403 4027 sero
428 3962 466 4028 de
492 3961 552 4027 hoc
576 3983 646 4028 meo
671 3981 764 4048 opere
790 3965 1008 4051 qualicumque
1028 3976 1100 4032 sunt
1124 3965 1297 4046 iudicaturi,

82 4087 134 4131 eos
150 4063 240 4132 selim
261 4071 399 4148 rogatos,
423 4071 459 4128 ut
478 4085 541 4129 non
560 4063 599 4130 ad
619 4065 668 4129 illa
688 4074 809 4132 tantum
830 4067 1007 4152 respiciant,
1031 4059 1199 4132 sedetiam
1222 4069 1297 4154 quid

81 4167 192 4252 egerim
214 4174 392 4252 agnoscant:
411 4173 504 4250 atque
524 4173 666 4233 accurate
688 4168 791 4234 omnia
812 4167 995 4253 perscmtati
1015 4167 1075 4232 hoc
1093 4166 1168 4232 mihi
1187 4189 1296 4238 eonce-

80 4269 164 4348 dent,
199 4287 412 4354 qrraecumque
442 4267 474 4332 in
499 4267 652 4354 prioribus
679 4269 823 4334 omnibus
849 4266 1034 4332 editionibus
1060 4267 1200 4354 legantur
1228 4294 1297 4359 per.

80 4369 205 4436 tinentia
238 4369 277 4435 ad
312 4369 504 4435 Macrobium
540 4369 619 4454 (nam
654 4389 734 4454 quae
768 4367 819 4432 alii
859 4365 1107 4438 adnotationibus
1147 4374 1210 4440 suis
1250 4374 1296 4439 in-

82 4479 241 4536 semerunt
262 4469 373 4549 aliena,
403 4491 440 4536 ea
464 4470 604 4535 consulto
629 4468 728 4552 omisi)
755 4474 786 4531 et
813 4465 870 4530 elia
893 4475 1049 4550 praeterea
1074 4474 1156 4540 haud
1179 4475 1298 4540 inutilia
