2950 4992
718 117 928 191 necnonn

234 289 390 375 συζυγίαν
410 282 682 374 περισπωμένων,
704 294 742 353 ut
762 288 848 355 σπάν
865 290 971 359 etto:
990 291 1106 361 etenim
1128 296 1225 361 πνεῖν
1243 298 1319 379 χεῖν
1342 297 1425 382 ῥεῖν

233 400 296 442 non
314 384 387 441 suot
408 376 527 458 integra
547 373 602 439 sed
624 394 664 439 ex
683 373 843 440 collisione
864 384 1035 443 eontracta:
1055 378 1113 445 luit
1135 380 1219 445 enim
1244 382 1423 469 integritas

231 460 342 527 πνέειν
362 459 449 544 νέειν
472 458 569 543 ῥέειν,
591 465 624 523 et
644 460 745 525 medio
763 464 795 523 E
810 462 966 529 subtracto
991 464 1022 529 in
1044 484 1138 529 unam
1160 466 1311 551 syllabam
1338 478 1422 536 sunt

182 550 353 621 18redaotn
381 555 413 611 et
433 566 472 611 eu
500 544 635 610 themate
658 546 822 613 verborum
848 548 977 615 veniunt
1004 547 1093 613 πνέω
1118 547 1181 633 χέω
1208 549 1284 637 plo.
1332 556 1421 623 Nul-

231 636 294 700 lurn
315 632 398 699 enim
420 631 573 696 Graoeum
602 630 729 697 verbum
753 627 988 719 άπαρέμφατον
1016 656 1054 703 ex
1079 638 1173 701 verbo
1199 638 1233 703 in
1258 642 1295 705 Ω
1327 640 1418 707 desi-

229 727 323 784 nente
349 717 462 783 iaoturn
495 738 558 782 non
587 716 720 783 eundern
750 738 914 795 numerum
947 720 1132 806 syllabarum
1151 731 1245 789 tenet
1279 726 1339 811 qui
1381 729 1417 795 in

229 806 328 891 prima
350 802 502 889 positione
524 803 609 869 verbi
629 801 705 880 fuit,
736 805 804 867 voni
826 810 932 885 νοεῖν,
952 808 1036 889 τιμῶ
1056 809 1171 891 τιμάν,
1191 812 1305 896 χρυσῶ
1354 837 1416 899 ρυ-

229 893 321 969 sorio,
342 886 445 973 τρέχω
462 884 595 974 τρέχειν,
614 884 724 953 τύπτω
737 884 888 957 τύπτειν.·
909 893 952 957 sic
972 890 1060 957 πνέω
1080 892 1201 975 πνέειν,
1222 894 1288 979 χέω
1304 920 1413 981 χεειν,

179 981 219 1046 19
229 973 293 1064 diss
316 973 417 1059 ῥέειν,
440 975 612 1060 exquibus
633 980 729 1038 πνεῖν
752 980 822 1057 χεῖν
844 975 914 1058 ῥεῖν
936 986 1010 1044 sunt
1029 978 1116 1046 laeta.
1157 976 1411 1069 Ἀπαρέμφατα,

175 1082 330 1154 [asquuao
350 1063 381 1125 in
404 1062 444 1125 N
460 1060 621 1135 desinunt,
646 1060 672 1123 si
692 1059 732 1123 de
757 1060 850 1127 verbo
872 1070 947 1129 sunt
970 1063 1202 1149 perispomeno,
1226 1070 1349 1137 amisso
1374 1076 1415 1137 N

226 1157 258 1214 et
276 1155 401 1233 sooeptn
421 1146 535 1231 syllaba
557 1147 679 1209 ΣΘΑΙ
694 1144 810 1211 iaciunt
831 1167 869 1210 ex
890 1169 924 1213 se
945 1150 1074 1235 passiva,
1090 1157 1196 1217 ποιεῖν
1217 1160 1408 1237 ποιεῖσθαι,

224 1236 323 1317 ’τιμάν
352 1232 527 1314 τιμᾶσθαι,
567 1230 690 1313 δηλοῦν
719 1232 920 1315 botoniates:
959 1234 1070 1319 quodsi
1093 1236 1156 1302 sint
1176 1237 1214 1303 de
1235 1239 1408 1328 berytono,

173 1322 318 1391 metium
339 1321 363 1382 I
379 1318 540 1395 amittunt,
578 1313 685 1398 λέγειν
706 1314 875 1400 λέγεσθαι,
899 1315 1040 1404 γράφειν
1058 1318 1256 1406 γράφεσθαι
1301 1328 1408 1398 Fiunt

224 1413 257 1471 et
283 1406 323 1470 de
351 1403 514 1469 indiestiso
544 1403 675 1487 passivo.
720 1404 824 1469 Mutat
850 1404 933 1469 enim
966 1406 1049 1471 Tin
1078 1410 1114 1473 Σ
1131 1406 1188 1472 ναὶ
1211 1413 1239 1475 Θ
1263 1420 1297 1477 et
1328 1413 1407 1483 laoit

224 1487 468 1577 άπαρέμφατον.
512 1489 576 1555 Neo
606 1488 707 1554 solurn
744 1488 801 1555 boo
832 1488 864 1555 in
897 1492 1050 1575 praesenti
1081 1500 1237 1581 ternpore,
1277 1499 1335 1565 sed
1369 1501 1405 1567 in

224 1577 392 1664 praeterito
414 1583 446 1641 et
468 1575 590 1648 futuro,
617 1577 760 1659 φιλεῖται
782 1578 967 1659 φιλεῖσθαι,
987 1577 1161 1676 πεφῖληται
1180 1585 1402 1667 πεφιλῆσθαι,

171 1668 210 1732 21
224 1658 440 1749 φιληθήσεται
466 1655 717 1745 φιληθήσεσθαι.
766 1662 824 1727 Est
854 1669 886 1727 et
917 1661 975 1727 alia
1009 1663 1185 1748 diligentior
1218 1668 1401 1738 observatio

222 1750 302 1814 eirea
319 1747 567 1830 παρακείμενον.
610 1747 689 1812 Nam
708 1746 853 1833 quotiens
874 1746 905 1811 in
928 1750 1116 1833 paenultima
1138 1751 1232 1821 babet
1249 1756 1299 1835 K,
1320 1766 1401 1825 tune

222 1836 332 1901 amissa
361 1844 493 1919 utroque
528 1830 643 1917 syllaba
672 1839 705 1898 et
734 1840 858 1917 aceepta
886 1835 1008 1899 ΣΘΑΙ
1030 1835 1061 1901 in
1091 1838 1246 1922 passivum
1271 1844 1400 1923 transit,

221 1915 438 2002 πεπαττρνέναι
461 1919 679 1999 πεπατῆσθαι,
720 1914 927 2001 γεμελακέναι
947 1916 1156 2003 possidebat,
1192 1925 1399 1995 πεπλακέναι

168 2001 422 2073 dimisissem.-
459 2012 513 2068 aut
534 2003 690 2068 interdum
714 2007 801 2068 ΘΑΙ
816 2005 912 2071 solam
934 2005 1044 2091 aoeipit
1063 2008 1130 2075 sine
1152 2013 1199 2090 Σ,
1230 2013 1283 2079 sed
1306 2025 1399 2094 tuno,

220 2092 364 2177 quotiens
387 2096 458 2154 ante
481 2091 514 2152 K
531 2087 647 2173 liquida
668 2090 859 2175 repperitur,
897 2098 932 2155 ut
951 2088 1128 2159 τετιλμέναι
1148 2096 1310 2179 salust,
1340 2123 1395 2167 τιε-

217 2174 376 2262 περιιέναι
397 2170 573 2257 πεπάρθαι,
606 2171 799 2259 έρῤαμκέναι
822 2170 998 2259 ἐάράνθαιε
1038 2178 1121 2246 undo
1144 2180 1334 2269 intellegitur
1356 2188 1393 2253 in

220 2264 279 2329 hoe
300 2262 395 2328 verbo
418 2264 450 2324 Γ
466 2259 549 2346 quod
572 2259 630 2324 luit
651 2268 723 2325 anto
746 2263 781 2325 K
798 2257 935 2344 δυνάμει
958 2264 996 2327 Ν
1015 2263 1123 2331 luisse:
1150 2269 1258 2353 quodsi
1279 2290 1391 2356 παρα-

217 2349 364 2431 κείμενος
382 2346 500 2446 netirns
520 2344 631 2451 babuit
655 2345 687 2411 in
710 2346 897 2452 paenultima
921 2356 975 2413 aut
998 2351 1103 2455 o'sut
1124 2356 1165 2431 X,
1181 2435 1189 2458 Ι
1204 2362 1277 2421 tuno
1302 2378 1386 2441 quo-

165 2434 1386 2611 2³32?dd'lbttltttllllttlt‘llttllttllllltatt

216 2605 309 2671 inodo
328 2608 375 2670 ire
395 2625 451 2671 seu
473 2605 531 2679 iri,
555 2604 705 2671 alselin
728 2605 849 2691 passivo
872 2607 989 2671 doctum
1008 2609 1053 2673 iri
1071 2609 1118 2675 vel
1142 2610 1174 2675 in
1194 2612 1292 2679 sativo
1314 2614 1386 2679 doo-

163 2693 278 2757 ‘zetam
300 2694 346 2756 ire
373 2690 583 2775 pronuntiant
640 2685 870 2776 Ἀπαρέμφατα
902 2711 982 2778 queo
1013 2692 1045 2758 in
1074 2697 1161 2759 ΘΑΙ
1184 2705 1301 2764 exeunt
1329 2709 1384 2767 aut

280 2842 334 2895 Ms.
352 2841 398 2905 Ρ.]

214 2933 255 2982 11.
293 2925 539 2981 ΣΥΖΥΓΕῙΑΝ
551 2925 582 2977 Ρ.
735 2931 778 2980 18.
816 2929 968 2995 ΤΙΠΤΩ,
990 2930 1180 2985 ΤΙΠΤΕΙΝ
1198 2934 1229 2987 Ρ.

214 3003 256 3050 19.
291 2988 519 3061 πεφιληθὴσεται
539 2986 793 3062 πεφιληθήσεσθαι
819 2996 920 3047 Eddl’.
1072 3004 1115 3051 20.
1155 3002 1241 3054 σκαὶ
1263 3006 1310 3056 σθ
1337 3007 1383 3058 21),

211 3093 246 3103 -
274 3062 492 3115 unonfflru
518 3061 551 3112 e.
702 3067 746 3113 sn
783 3066 1068 3119 unumunurn
1095 3070 1326 3127 insufflans
1349 3075 1383 3127 Ρ.

211 3160 245 3171 -
262 3139 325 3183 ussto
343 3133 372 3181 X
385 3131 417 3181 Ρ.
437 3157 463 3167 -
490 3128 524 3181 N
527 3126 687 3181 ΕΧΕΝΑΙ
705 3130 736 3181 Ρ.

244 3286 286 3334 le.
316 3279 770 3350 sariuntesrepnssloo]0l.de
820 3287 851 3332 nt
883 3289 1012 3336 orntum
1041 3284 1101 3347 ι’τε,
1135 3286 1287 3339 domitum
1321 3290 1381 3345 ire.

209 3353 284 3403 verb.
304 3366 328 3401 o.
346 3355 371 3409 6,
390 3351 403 3408 t
421 3355 439 3399 8
455 3367 515 3416 sqq.
821 3348 980 3416 Frequenter
1002 3361 1089 3404 tumen
1111 3354 1288 3421 antiquissimi
1309 3376 1381 3411 nsu-

242 3425 286 3470 ²0.
326 3415 509 3486 vitodafasteis
551 3409 768 3483 φιληθήσεσθαι]
817 3422 858 3468 tro
878 3420 1022 3487 participio
1037 3422 1127 3487 sutori
1150 3422 1283 3476 residebant
1307 3443 1381 3481 esse

209 3487 302 3551 Quum
324 3487 352 3537 iu
375 3490 437 3539 eod.
457 3491 487 3536 et
505 3484 568 3535 edri.
588 3485 701 3551 legatur
717 3498 769 3535 πε·
818 3491 843 3535 et
877 3486 977 3553 infiniti
1009 3491 1135 3554 futurum
1177 3492 1377 3561 significabant,

208 3547 660 3620 φιληθήσεταιπεφιληθήσεσθαι,
673 3552 767 3617 snspi-
817 3560 987 3607 oraturum
1010 3573 1078 3610 esse
1098 3574 1148 3625 pro
1169 3569 1299 3614 oraturis
1327 3564 1378 3616 iro

206 3638 255 3671 cor
275 3622 446 3671 Macrobium
471 3618 616 3671 addidisse
640 3620 766 3672 loturum
816 3620 938 3675 dieentes.

207 3688 321 3741 tortium
337 3704 371 3741 πε
394 3684 513 3755 τλήσεται
529 3682 736 3752 πεφιλήσεσθαι.
848 3723 891 3773 vel
910 3740 954 3775 m
977 3724 1011 3791 ἡ]
1040 3722 1060 3776 ρ.
1085 3742 1111 3777 0·
1134 3726 1238 3791 μᾶλλον
1258 3722 1301 3792 32,
1333 3730 1377 3781 πρ

205 3760 282 3879 ciffi
295 3756 765 3892 elbiu'lllsllliffieiblnblivdllmfisis:
811 3791 1129 3915 111311ὸῖωωίιῖοέἍὲ
1147 3798 1173 3847 2.
1196 3802 1225 3847 et
1243 3796 1298 3849 sid.
1317 3804 1395 3895 not..

205 3892 305 3945 Futuri
338 3892 425 3944 activi
459 3892 548 3941 lorusa
587 3890 692 3941 doctum
723 3892 765 3942 ire
965 3899 971 3911 ·
1019 3900 1027 3925 ε
1064 3900 1072 3924 r
1125 3896 1133 3912 ·

205 3965 441 4013 commemoratur
463 3958 567 4011 ibidem
595 3956 609 4023 l
630 3960 655 4007 ³.
677 3963 706 4009 at
733 3958 763 4010 in
846 3960 964 4027 gerundi
979 3960 1065 4029 srodo]
1084 3962 1146 4013 Hoc
1164 3961 1277 4015 nomino
1295 3964 1375 4033 sspi-

204 4028 443 4096 noecapiseps.
479 4026 692 4079 llsoelonnssns
714 4042 763 4078 re·
812 4044 878 4077 nans
913 4028 986 4093 qnod
1014 4045 1066 4080 nos
1095 4028 1216 4082 dieimns
1249 4034 1376 4097 appellnt

204 4104 279 4149 teras
303 4095 483 4165 grammatici
509 4093 646 4146 infinitivo
672 4094 762 4147 inlusi
812 4095 973 4147 Macrobius
994 4095 1081 4148 etiarn
1110 4096 1186 4149 isira
1207 4099 1219 4163 5
1237 4104 1278 4148 31.
1316 4100 1373 4154 Sed

203 4165 290 4217 activi
322 4167 413 4218 solent
444 4164 570 4216 tribuero
596 4163 642 4214 vel
670 4163 761 4214 solam
811 4169 839 4214 st
856 4164 956 4232 supina
974 4170 1003 4215 et
1020 4164 1189 4230 gerundium
1207 4164 1374 4229 supinorum

202 4235 248 4284 vel
270 4250 333 4284 curn
352 4236 442 4286 alters
464 4234 601 4284 doctarum
618 4248 674 4282 esse
717 4230 761 4282 cf.
811 4231 922 4283 nomino
961 4232 1186 4296 complectuntur
1220 4231 1374 4290 Charisius

202 4300 313 4353 choris.
330 4302 368 4364 ll,
384 4307 458 4363 5-⁷.‚
475 4300 524 4351 sed
542 4299 672 4365 inprinsis
683 4298 762 4350 Pris-
811 4297 847 4361 ll,
866 4302 890 4363 9,
905 4304 936 4351 o.
953 4306 982 4356 at
1000 4299 1161 4351 Priscianus
1183 4299 1255 4363 vul,
1273 4318 1299 4367 p.
1316 4307 1373 4357 806

201 4368 273 4419 niun.
283 4370 333 4420 lib.
346 4369 394 4433 lx,
405 4386 467 4436 cup.
479 4367 617 4419 doleoni.
631 4367 759 4433 p.864['a
810 4372 838 4416 et
847 4370 894 4415 etl
908 4366 938 4417 Ρ.
973 4366 1029 4417 nse.
1044 4385 1072 4432 p.
1083 4372 1136 4427 809
1148 4372 1176 4419 et
1189 4371 1249 4435 842.
1267 4369 1308 4421 nit
1319 4389 1372 4440 ge-

203 4434 344 4485 Sciendum
362 4445 463 4499 ostem,
487 4436 557 4503 ριωιῖ
574 4436 603 4485 is
621 4452 669 4485 uss
688 4435 760 4484 dosi-
808 4434 906 4484 randis
922 4435 963 4485 vel
979 4435 1091 4502 supina,
1120 4440 1151 4489 ut
1167 4445 1304 4503 appareat
1320 4456 1371 4493 re-

198 4512 264 4547 πεπι
284 4503 407 4564 uspiam
428 4510 536 4569 suropo·
556 4504 636 4553 sorbo
653 4503 759 4566 infiatis
806 4504 880 4551 rem
984 4502 1105 4559 πολῖται
1125 4506 1286 4575 promissos
1303 4523 1373 4562 usos

199 4564 270 4629 qood
292 4574 332 4617 ost
353 4568 403 4619 irs
423 4570 493 4630 rosit
513 4569 761 4636 mitissimus,
805 4584 869 4620 esso
889 4566 939 4622 bs
958 4570 1133 4635 nominibus.
