2950 4992
220 166 357 236 couti.
378 164 424 235 IN
442 163 571 234 SOMN.
590 162 690 232 scm.
733 164 808 231 LIB.
826 166 850 231 1.
894 164 983 235 CAP.
1007 167 1060 234 lV.
1086 168 1122 241 V.
1215 170 1256 238 33

86 338 163 423 quas
184 336 319 402 Africani
341 335 496 401 somnium
521 340 677 401 constaret
694 334 818 413 relerri,
854 343 886 401 et
903 338 929 402 si
937 344 941 351 ”
948 338 1083 425 Scipioni
1104 359 1255 409 convene

84 424 128 487 rit
145 423 218 487 talia
236 422 407 499 somniare,
435 429 468 486 et
488 420 527 485 de
553 420 683 505 geminis
705 420 819 484 somnii
840 422 938 505 portis
958 444 1037 508 quae
1057 423 1150 491 luerit
1168 449 1187 493 a
1207 450 1256 493 vc·

84 508 204 572 teribus
229 527 373 592 expressa
395 505 563 581 sententia,
599 504 762 588 superbis
788 505 933 569 omnibus
961 509 1057 592 ipsius
1083 512 1194 575 somnii
1217 513 1256 579 de

84 612 149 677 quo
169 593 326 677 loquimur
348 598 486 655 mentem
512 589 768 687 propositumque
789 590 977 687 signavimus
994 600 1026 656 et
1045 603 1162 677 partam
1180 598 1269 663 caeli*

83 676 242 742 evidenter
261 674 485 762 expressimus,
519 674 553 738 in
577 695 638 759 qua
669 674 727 738 sim
748 674 850 759 Scipio
871 696 928 760 per
951 675 1088 761 quietem
1110 677 1185 743 haec
1206 682 1255 746 rel

82 761 196 827 vidisse
217 761 302 828 visus
326 768 376 825 cst
400 760 447 825 vel
474 759 596 824 audisse
627 779 706 845 quae
726 760 848 825 retulit:
880 761 1045 825 nunciam
1068 761 1257 831 discutienda

81 846 172 911 nobis
193 855 267 911 sunt
286 846 383 931 ipsius
405 844 518 909 somnii
540 843 646 920 verba,
677 864 746 909 non
768 844 887 922 omnia,
917 845 971 910 sed
992 854 1029 910 ut
1048 866 1191 945 quaeque
1212 849 1256 913 vi·

81 932 240 997 debuntur
262 930 355 1014 digna
376 929 526 1014 quaesitu.
578 934 627 994 Ac
645 929 744 1014 prima
768 930 857 994 nobis
877 931 1067 1013 tractandam
1090 952 1123 996 se
1144 928 1285 1017 ingeniti

73 1037 154 1103 pars
176 1016 229 1080 illa
246 1014 285 1078 de
304 1014 458 1089 nummis,
476 1014 509 1077 in
530 1034 592 1099 qua
613 1014 657 1079 sic
678 1014 735 1077 ait:
762 1015 840 1080 Nam
857 1036 929 1091 cum
949 1017 1030 1081 citos
1048 1027 1102 1081 tuo
1123 1029 1256 1104 septerccs

81 1103 171 1167 octies
195 1100 267 1165 eolc's
299 1100 462 1183 σπιίναοειω
489 1098 659 1185 redituque
689 1098 880 1174 convenerit,
899 1145 902 1153 .
918 1100 1034 1187 duoque
1062 1102 1099 1167 ti
1122 1104 1305 1182 numerius]

81 1206 213 1273 peronen
231 1193 354 1271 uterquc
371 1184 486 1269 plesco,
508 1184 583 1248 citer
603 1184 698 1247 abac
717 1183 755 1247 de
774 1204 876 1258 cnunc,
895 1183 1027 1262 bolencr,
1052 1188 1186 1253 circuite
1199 1210 1254 1254 na·

82 1269 181 1332 turcii
196 1279 342 1332 enmnmin
360 1269 418 1333 nbi
432 1268 554 1353 [etoleno
571 1268 766 1353 omnem,
793 1268 827 1333 t'n
846 1279 874 1332 tc
894 1288 993 1333 unum*
1010 1280 1097 1355 atquc
1116 1274 1151 1335 in
1170 1282 1255 1338 tunm

83 1372 193 1417 nomm
211 1375 243 1419 sc
262 1363 323 1432 tcto
340 1364 484 1418 concertet
498 1354 621 1419 modat:
647 1366 674 1419 tc
692 1352 837 1430 Senatus,
855 1363 882 1418 tc
901 1372 1001 1418 omncs
1020 1353 1106 1429 boni,
1127 1366 1154 1420 te
1171 1358 1255 1435 socii,

80 1448 112 1502 tc
135 1438 242 1503 Latini.
254 1439 466 1503 intuebuntur:
495 1449 531 1503 tn
548 1440 608 1503 cris
624 1460 720 1515 unns,
747 1440 782 1502 in
801 1439 859 1524 qno
878 1438 995 1503 nitetur
1012 1439 1139 1503 ccciccc
1157 1440 1256 1505 solue:

82 1543 134 1599 cc,
164 1544 204 1587 ne
223 1524 331 1599 mnia,
360 1522 487 1587 Meter
508 1545 573 1588 rein
589 1524 744 1610 publicum
766 1524 927 1587 constituos
950 1540 977 1587 o·
990 1534 1077 1599 ortet,
1107 1524 1137 1589 si
1154 1525 1257 1609 inpias

81 1609 325 1705 propinquorum
355 1629 465 1673 moneo
498 1610 645 1705 effn'pcris.
701 1606 933 1672 Plenitudinem
963 1545 1016 1671 lio
1050 1628 1113 1671 nou
1143 1607 1285 1676 frustrn3

82 1696 222 1756 numeras
243 1693 400 1777 adsignat,
437 1692 599 1776 plemtudo
620 1691 702 1755 enim
725 1690 854 1776 propriu
872 1691 931 1762 nisi
951 1690 1064 1757 divinis
1085 1693 1178 1759 rebus
1206 1714 1256 1757 su-

82 1777 251 1861 pernisque
274 1798 338 1840 non
365 1776 518 1843 convenit
560 1778 671 1861 Neque
691 1776 779 1858 enim,
793 1796 904 1859 corpus
922 1777 1046 1861 proprie
1065 1776 1190 1863 plenum
1210 1778 1256 1841 di-

81 1860 182 1935 xeris,
208 1860 292 1946 quod
332 1881 408 1925 uum
431 1860 479 1925 sui
499 1860 539 1925 sit
559 1861 712 1946 inpatiens
731 1860 901 1938 effluendo,
928 1861 1019 1926 alieni
1042 1869 1090 1928 est
1107 1870 1255 1947 appetens

82 1944 266 2010 hauriendo.
310 1882 399 2023 &uae
421 1944 447 2009 si
471 1945 630 2011 metallicis
650 1944 835 2030 corporibus
856 1950 924 2009 non'
941 1966 1001 2012 usu
1019 1947 1162 2025 veniunt,
1191 1968 1255 2012 non

81 2037 190 2093 tamen
216 2030 306 2115 plena
336 2029 389 2094 illa
416 2030 470 2094 sed
489 2038 574 2095 vasta
600 2031 728 2095 dicenda
749 2034 830 2096 sunt.
880 2032 976 2096 'Haec
993 2039 1041 2097 ost
1058 2032 1154 2117 igitur
1173 2033 1285 2097 com-4

81 2114 188 2179 munis
210 2134 411 2180 numerorum
435 2115 578 2180 omnium
606 2116 781 2200 plenitudo,
816 2115 899 2201 quod
926 2116 1104 2201 cogitationi
1127 2137 1146 2180 a
1166 2118 1256 2182 nobis

81 2199 270 2284 ard-superos
292 2199 407 2264 meanti
427 2200 561 2265 occurrit
581 2202 679 2287 prima
700 2200 847 2285 perfectio
865 2200 1122 2285 incorporalitatis
1145 2199 1178 2265 in
1198 2222 1255 2265 nu·

81 2284 193 2355 meris:
231 2285 312 2349 inter
333 2285 417 2371 ipsos
444 2292 549 2349 tamen
571 2286 695 2370 proprie
719 2285 805 2370 pleni
832 2291 982 2349 vocantur
1007 2283 1177 2349 secundum
1199 2284 1256 2347 bos

80 2368 209 2445 modos,
233 2370 287 2454 qui
309 2370 463 2455 praesenti
482 2372 627 2435 tractatui
649 2366 814 2433 necessarii
833 2374 921 2443 sunt,
945 2368 999 2453 qui
1019 2375 1073 2431 aut
1093 2367 1157 2432 vim
1178 2366 1256 2450 opti·
1358 2423 1364 2437 ,

81 2462 162 2518 nent
173 2454 373 2520 uinculorum
400 2461 455 2518 aut
481 2473 610 2537 corpora
635 2472 742 2517 mrsus
767 2448 944 2517 efficiuntur
969 2457 1024 2513 aut
1050 2469 1163 2531 corpus
1192 2448 1256 2515 elli·

82 2538 186 2612 ciunt,
221 2538 275 2601 sed
298 2557 411 2621 corpus
437 2536 522 2619 quod
544 2535 765 2618 intellegendo,
801 2552 865 2595 non
886 2531 1061 2607 sentiendo,
1096 2532 1257 2618 concipias.

80 2624 201 2686 Tourm
221 2622 295 2697 boc,
320 2629 359 2685 ut·
377 2618 573 2683 obscuritatis
594 2619 776 2702 deprecetur
797 2614 960 2695 offensam,
985 2618 1078 2701 paulo
1098 2616 1189 2682 altius
1206 2624 1257 2683 're-

126 2706 184 2769 cita
211 2724 316 2769 rerum
347 2704 416 2767 luce
446 2700 655 2786 pandendum.
674 2708 730 2767 est.
791 2698 906 2767 Omnia
936 2722 1065 2786 corpora
1094 2702 1285 2787 superficiei

80 2726 255 2868 llntunm,
280 2794 313 2853 et
332 2786 366 2853 in
387 2786 486 2873 ipsam
504 2806 613 2853 eorum
630 2806 702 2874 pars
720 2784 830 2853 ultima
851 2785 1062 2855 terminetur·
1090 2787 1132 2854 lli
1151 2796 1256 2856 numm

852 3029 857 3039 .
879 2962 962 3029 [Edu.
981 2964 1187 3037 vicuhgspdzb.

82 3054 111 3101 et
129 3046 157 3099 ai
173 3044 293 3115 Scipioni
306 3047 443 3101 BRleP
462 3048 518 3117 (bg
537 3047 566 3102 in
584 3066 610 3099 m
634 3048 655 3114 .)
673 3046 762 3114 „libri
780 3065 864 3103 mauu
883 3050 999 3102 excreti.
1035 3050 1116 3117 Quod
1134 3050 1200 3119 quin
1220 3050 1259 3105 sit

80 3114 287 3179 conterinum
305 3116 433 3167 dubito.“
452 3117 538 3168 Gron.
572 3127 598 3169 ct
611 3066 731 3185 §sipiani
749 3119 774 3169 ei
791 3118 822 3171 F.
857 3126 882 3170 et
896 3118 1015 3187 Scipioni
1031 3120 1098 3184 (cnr.
1112 3120 1148 3185 ci)
1170 3119 1257 3187 vlltz

81 3200 149 3249 sup.
169 3183 261 3247 unde).
297 3191 322 3235 et
340 3201 394 3235 cer
410 3184 528 3253 Scipioni
544 3183 585 3235 i·c
603 3184 637 3251 (lr
656 3202 723 3251 puer
742 3222 747 3235 .
769 3213 798 3223 —
816 3185 1020 3238 canonicatus
1037 3184 1074 3251 (F
1088 3202 1174 3239 esee.
1193 3186 1257 3251 m.).

82 3249 274 3319 cognoverit
290 3250 315 3301 F
332 3268 350 3303 e
364 3269 392 3319 p.
406 3269 441 3307 m.
461 3278 492 3289 —
508 3253 594 3319 portic
610 3253 706 3307 somnii
749 3256 775 3303 2.
791 3280 827 3293 -
844 3270 862 3303 a
879 3254 1009 3305 veteribus
1021 3256 1107 3323 fcerit
1124 3252 1155 3305 F.
1170 3280 1204 3292 -
1217 3255 1258 3307 lo·

81 3331 208 3386 quemne·
224 3315 258 3367 F.
276 3346 311 3356 -
328 3320 436 3371 andire
453 3317 486 3370 F.
504 3345 537 3357 -
555 3326 616 3373 sunt
633 3321 707 3371 nobis
723 3318 757 3371 F.
774 3349 808 3358 -
832 3320 878 3369 ced
895 3336 1012 3385 quaeque
1029 3325 1098 3379 (um.
1116 3326 1159 3380 ct)
1179 3337 1205 3371 v.
1222 3345 1258 3359 -

82 3386 211 3453 quaesitu
234 3385 320 3452 digna
342 3386 414 3443 Ill.¹
545 3389 572 3436 2
607 3388 777 3439 tractandam
800 3376 1160 3437 Busrutassnnu’aussan.
1185 3393 1258 3453 [tru-

82 3453 193 3505 ctanda
210 3452 315 3505 Euda
338 3480 372 3492 -
399 3450 481 3520 Nam]
502 3451 596 3505 Somu.
615 3452 658 3517 ll,
678 3458 702 3505 2.
728 3481 756 3491 -
783 3460 810 3505 ct
830 3470 862 3503 uc
878 3460 952 3505 lcum
968 3457 1036 3511 (om.
1055 3454 1096 3512 in)
1116 3456 1159 3505 vl.
1183 3480 1211 3489 -
1234 3460 1260 3505 tc

75 3521 167 3573 'latini
185 3528 211 3572 tc
225 3520 290 3573 sccii
305 3518 378 3573 Bne.
400 3547 429 3557 -
453 3527 525 3573 tcta
542 3520 658 3573 civitatis
674 3520 748 3573 ealce
766 3472 865 3587 iceig3
888 3526 946 3571 toln
962 3518 1016 3569 del.
1035 3518 1088 3571 ΗΞ.
1106 3547 1140 3558 -
1161 3518 1259 3591 impic-

75 3599 154 3639 'rum
178 3586 234 3638 112
381 3588 411 3637 a.
446 3594 571 3655 appetens
589 3596 628 3643 ert
647 3588 752 3655 Rev-g.
776 3616 803 3625 -
817 3588 953 3639 -cccnicnt
969 3602 1011 3639 vc.
1032 3612 1073 3625 -·
1086 3595 1163 3639 costa
1182 3594 1258 3655 (nup.

81 3655 191 3720 solida)
209 3653 258 3704 1²4.
275 3682 309 3691 —
326 3660 388 3723 eant
404 3670 459 3705 orn.
479 3654 552 3705 Bru.
615 3673 619 3681 ’
704 3660 730 3707 4.
766 3655 865 3707 tractui
880 3652 937 3705 BF,
954 3681 987 3691 -
1006 3661 1181 3725 nntccrpcra
1197 3658 1259 3722 effi-

81 3724 180 3774 ciunt
201 3729 250 3773 nat
273 3738 367 3790 cuspes
387 3738 480 3773 rursus
504 3722 621 3788 efficitur
642 3720 713 3773 Bnu.
738 3750 773 3762 -
791 3722 964 3789 ‘deprecetur'
977 3722 1104 3789 offensam
1125 3722 1261 3775 Buurcu

79 3780 296 3842 LnncBarnil..
321 3788 412 3854 „libri
432 3790 574 3855 offensam:
602 3790 676 3841 unde
695 3790 725 3843 iu
744 3787 921 3849 Beroaldiua,
938 3788 1137 3857 distinguitur,
1164 3789 1261 3843 nescio

79 3875 138 3925 quo
159 3873 260 3919 senen,
280 3856 446 3923 deprecetur.-
466 3856 594 3921 offensam
607 3858 720 3925 paclc.“
737 3856 823 3911 Grau.
858 3858 1010 3924 deprecetur
1031 3858 1138 3923 offensa
1155 3856 1259 3907 se-nP.

82 3926 259 3994 deputentur
275 3924 382 3991 offensa
398 3922 542 3991 vd-glffl.
693 3928 720 3979 5.
753 3926 849 3979 ultimo
861 3922 973 3993 pars-F.
990 3952 1017 3963 —
1033 3925 1072 3977 lcii
1085 3924 1167 3978 anim
1184 3927 1260 3988 (cup.

78 4126 82 4132 .
117 4084 151 4148 V,
177 4086 204 4135 1.
237 4082 263 4133 ei
279 4081 399 4149 Scipioni
414 4082 572 4149 convenerit]
596 4082 650 4147 „Si
733 4084 763 4151 3..
796 4081 941 4149 effluendo]
968 4082 1034 4145 ¹Hoc
1062 4080 1179 4132 verbum
1206 4092 1261 4129 non

82 4167 136 4216 pro
154 4168 201 4203 an.
237 4149 299 4201 Hoc
317 4149 368 4200 lib.
385 4166 409 4201 c.
422 4153 455 4199 10
473 4150 500 4216 [d
512 4149 549 4217 in]
566 4151 650 4212 dican
699 4154 846 4202 commode
867 4150 1019 4216 respondet
1040 4146 1168 4212 sequenti
1191 4144 1261 4195 boc-

83 4219 113 4269 ci
206 4224 359 4283 cuperent,
393 4218 519 4284 e.1c[§
545 4218 652 4284 talei
699 4218 800 4267 ciendo.
840 4216 993 4282 exspectes
1011 4215 1130 4283 efflando
1150 4211 1197 4263 vel
1218 4214 1261 4277 cf-

85 4300 148 4336 nere
164 4287 223 4336 lnce
240 4286 310 4336 lueet
326 4284 428 4345 nlicnn,
450 4288 585 4353 sequentia
600 4286 650 4337 do·
696 4282 847 4349 fundendo.
993 4300 996 4306 ·

84 4353 192 4415 neunt,
209 4369 233 4402 c.
249 4356 280 4402 rt
299 4350 324 4417 [5
342 4350 379 4419 1.]
398 4358 427 4403 at
444 4352 653 4418 quaenamve&
735 4350 761 4399 4.
797 4350 948 4415 deprecetur
968 4346 1107 4413 offensem]
1140 4346 1262 4399 Gronov.

87 4420 362 4471 cerectcr.cnelem.“
385 4418 478 4471 (lton.
511 4419 573 4470 Vid.
595 4424 652 4476 not.
699 4416 879 4467 observatdc
912 4417 982 4466 scari
1000 4415 1121 4481 positum
1139 4428 1263 4482 eseepro

87 4484 128 4535 ed
147 4500 173 4534 c.
191 4488 237 4553 lt,
259 4488 276 4553 ξ
291 4492 316 4539 t.
336 4490 366 4541 ct
382 4486 419 4542 ed
436 4488 487 4539 lib.
505 4487 546 4551 ll,
568 4504 594 4537 c.
605 4484 673 4550 216,
702 4484 810 4546 evitare,
828 4486 859 4555 ut
893 4498 977 4535 cmm.
993 4482 1032 4553 ll,
1049 4486 1081 4535 15
1097 4481 1120 4552 [ᾗ
1133 4482 1201 4552 26.],
1212 4482 1266 4537 nbi

89 4550 169 4617 §2⁰⁸
207 4605 210 4610 .
312 4588 314 4592 ·
482 4588 487 4599 ι
601 4586 606 4597 ·
643 4583 648 4594 ’
702 4549 835 4605 Ulli-41⁰&
908 4578 912 4588 ¹
