2950 4992
117 93 151 160 X
629 117 821 164 ranacario.

121 269 228 349 postea
250 263 451 350 tergiversari.
497 265 658 332 Postremo
687 267 721 332 1².
748 263 810 333 Cu.
837 265 1102 332 Sannartaamus
1126 286 1236 354 magna
1259 268 1340 353 quat

123 364 155 428 in
179 384 258 449 opus
284 387 387 433 meum
413 369 625 454 qualecunque
649 369 781 434 contulit
805 369 953 434 beneficia
977 386 1088 454 magno
1109 371 1235 435 cumulo
1255 369 1342 435 auxit

124 468 368 534 commendando
401 470 476 536 mihi
507 491 577 536 eum
608 468 662 555 qui
694 470 803 536 ceteris
835 471 1024 536 constantior
1054 477 1149 536 staret
1179 471 1341 557 promisso.

125 567 184 633 Hic
204 569 331 635 consilio
351 592 420 636 meo
443 573 565 658 cognito
587 579 681 656 atque
703 573 903 656 comprobato
926 572 958 637 id
979 592 1076 638 unum
1097 581 1205 658 pactus
1228 580 1284 650 est,
1305 581 1343 638 ut

126 671 227 756 operis
250 672 400 738 traderem
422 696 484 740 non
504 673 695 740 emendatum
723 680 850 751 tantum,
867 682 904 739 ut
921 676 1086 752 volueram,
1104 675 1158 740 sed
1180 675 1271 740 etiam
1289 695 1342 739 er·

126 771 281 858 planatum
300 775 507 842 Macrobium:
541 777 571 841 id
592 774 677 860 quod
698 775 726 840 ei
747 775 976 841 concedendum
997 797 1065 842 esse
1085 777 1203 862 putavi,
1235 793 1342 861 quam·

127 892 220 959 quam
242 876 368 943 minime
393 899 443 943 rna
469 877 560 962 fugit,
594 897 687 962 quam
710 876 832 942 difficile
853 877 912 942 boc
932 885 1026 955 esset,
1061 879 1146 944 libris
1164 878 1343 963 praesertim

126 975 174 1041 vel
194 977 326 1043 maxime
348 979 525 1044 necessariis
549 979 705 1044 destituto.
751 979 840 1059 Quos
862 979 949 1065 potui
975 980 1160 1066 comparari:
1189 999 1272 1065 quae
1289 1001 1342 1043 an-

129 1083 179 1141 tea
198 1079 236 1143 ad
256 1080 446 1146 Macrobium
469 1080 588 1146 fuerant
608 1081 753 1146 adnotata
771 1080 949 1160 examinavi,
969 1081 1079 1147 idonea
1100 1081 1218 1167 recepi:
1238 1102 1345 1167 pauca,

130 1199 210 1264 quae
229 1181 268 1245 ad
291 1203 444 1269 quemque
465 1185 567 1249 locum
589 1184 684 1269 probe
705 1182 935 1268 intelligendum
957 1182 1133 1249 viderentur
1152 1205 1219 1249 esse
1241 1203 1345 1248 neces-

131 1281 224 1358 saria,
257 1283 321 1368 ipse
348 1285 453 1350 adieci.
497 1290 589 1350 Anno
607 1285 866 1352 MDCCCXLVI.
889 1306 994 1351 mense
1014 1285 1104 1350 lunio
1127 1285 1347 1352 Commentarii

132 1381 163 1446 in
189 1383 349 1451 Somnium
374 1386 525 1472 Scipionis
542 1386 609 1452 boc
634 1386 727 1451 modo
752 1404 852 1472 arsque
881 1387 920 1452 ad
947 1387 1039 1452 finem
1063 1388 1237 1473 pertractati
1260 1389 1346 1472 prelo

133 1493 205 1548 sunt
226 1487 363 1554 subiecti.
408 1491 523 1554 Versus
545 1489 615 1554 anni
638 1487 739 1566 linem,
764 1509 861 1573 quum
876 1497 993 1575 septem
1014 1481 1152 1574 plagulae
1173 1497 1274 1555 essent
1293 1477 1346 1554 ab·

134 1585 259 1665 solutae,
280 1609 329 1655 res
351 1589 382 1654 in
405 1611 458 1656 sex
476 1589 543 1657 iere
565 1611 684 1657 menses
707 1597 755 1656 est
776 1590 868 1656 dilata
890 1592 992 1677 operis
1014 1592 1074 1657 alio
1096 1591 1229 1677 quodam
1254 1613 1348 1678 nego-

135 1686 179 1751 tio
213 1692 296 1774 quod
332 1693 547 1779 procrastinari
581 1713 643 1757 non
680 1700 785 1777 posset
820 1694 986 1779 occupatis.
1050 1695 1170 1761 Eodem
1208 1702 1350 1781 temporo

136 1789 170 1853 F.
191 1789 343 1858 Osannns
369 1795 506 1860 codicem
530 1814 620 1859 suum
637 1793 936 1865 Commentariorum
960 1797 992 1861 in
1014 1797 1175 1863 Somnium
1198 1797 1350 1884 Scipionis

137 1897 168 1954 et
190 1911 268 1976 quae
290 1905 480 1982 excerpserat
498 1918 515 1962 e
533 1896 654 1961 duobus
675 1897 741 1962 aliis
764 1897 838 1962 mibi
858 1899 953 1976 misit,
981 1898 1064 1964 baud
1087 1908 1242 1984 gravatus,
1267 1900 1351 1985 quod

136 1991 286 2059 Macrobii
309 1998 607 2065 Commentariorum
621 2057 623 2061 ,
636 2018 698 2065 una
730 2019 800 2064 cum
827 2000 984 2066 Ciceronis
1007 1998 1046 2065 de
1070 2019 1105 2064 re
1127 2000 1249 2085 publica
1271 2000 1350 2085 frag-

139 2095 248 2160 mentis
280 2099 467 2167 edendorum
499 2101 658 2166 consilium
689 2122 706 2165 a
739 2122 789 2168 me
822 2102 879 2167 sibi
909 2109 991 2167 esset
1022 2108 1170 2185 creptum.
1222 2091 1271 2165 Er
1305 2101 1352 2166 bis

139 2195 252 2282 scripto
275 2223 344 2267 meo
364 2205 404 2269 ob
424 2203 454 2268 id
476 2203 576 2289 ipsum
598 2203 742 2270 arcessito
766 2203 869 2268 addidi
888 2201 1039 2292 quidquid
1061 2202 1153 2266 inseri
1176 2201 1296 2281 licebat,
1316 2210 1354 2267 ut
1384 2273 1388 2279 ,

139 2318 202 2362 non
227 2304 329 2368 omnia
353 2311 557 2382 mutarentur,
594 2303 724 2390 dataque
752 2305 913 2371 occasione
936 2303 1006 2368 auri
1033 2304 1245 2369 adnotationes
1274 2326 1292 2370 e
1317 2304 1353 2370 li·
1427 2329 1431 2339 ¹

139 2401 202 2466 bris
237 2405 421 2489 quibusdam
449 2408 563 2472 interea
591 2407 629 2472 ad
662 2429 711 2473 mo
744 2407 849 2472 allatis.
901 2405 1063 2472 Versionis'
1083 2406 1258 2471 Planudeee
1286 2414 1353 2471 mm
1426 2472 1429 2476 Δ

139 2504 214 2570 mihi
249 2507 336 2574 licuit
368 2509 415 2573 uti
449 2517 535 2594 parte
560 2509 692 2595 quadem
725 2510 805 2596 typis
837 2508 1000 2594 descripta,
1036 2509 1124 2574 euius
1156 2508 1244 2593 copia
1281 2507 1355 2573 mibi

140 2602 218 2671 iacta
250 2619 297 2674 est
329 2633 347 2676 a
373 2610 410 2676 G.
434 2613 618 2676 Hsauanno
644 2620 675 2678 et
700 2611 918 2676 Gensnonruo:
955 2633 1025 2676 nam
1063 2611 1269 2678 intermissum
1304 2632 1355 2676 ex·

141 2708 274 2775 cudendi
309 2733 386 2804 opus
420 2714 658 2798 redintegratum
695 2719 742 2776 est
778 2714 875 2798 prius.
897 2735 990 2798 quam
1027 2714 1141 2779 codicis
1175 2713 1357 2799 Augustani,

142 2808 181 2873 de
210 2832 271 2896 quo
300 2814 359 2880 vid.
390 2816 522 2900 prolegg.
553 2835 620 2900 pag.
651 2835 760 2876 xnvnn
789 2834 849 2897 sq,
887 2813 984 2877 sactus
1016 2836 1083 2878 sum
1119 2837 1255 2899 compos.
1306 2815 1357 2879 Li-

143 2910 214 2975 belli
249 2915 381 3002 denique
411 2916 453 2982 de
482 2913 703 2980 diiierentiis
731 2922 768 2977 et
794 2913 1038 2977 societatibus
1066 2913 1198 2978 Graeci
1223 2915 1356 3006 Latini-
1467 2946 1471 2952 ·

145 3033 212 3097 que
238 3019 337 3084 verbi
361 3025 502 3102 excerpta
524 3015 662 3080 Parisino
688 3035 758 3078 meo
782 3020 893 3098 rogatu
916 3013 1049 3078 excussit
1075 3014 1132 3078 Τιι.
1153 3014 1358 3092 Panssamns,

144 3115 394 3185 vindobonensia
414 3126 446 3182 et
465 3117 666 3202 fragmentum
688 3115 763 3179 illud
783 3114 825 3180 do
843 3115 963 3191 verbo,
983 3115 1067 3200 quod
1087 3123 1123 3179 ut
1144 3137 1181 3180 ex
1201 3115 1260 3180 boc
1281 3116 1359 3182 libro

145 3239 253 3304 magna
270 3221 394 3307 quidem
414 3239 451 3285 ex
473 3227 558 3304 parte
578 3225 734 3302 sumptum
754 3216 928 3282 addendum
943 3237 1011 3281 esse
1031 3217 1106 3282 mibi
1124 3217 1292 3296 videbatur,
1310 3240 1359 3284 ac·
1383 3215 1389 3229 ¹

146 3329 233 3406 cepta
264 3322 362 3388 resero
394 3322 578 3388 Analectis
612 3319 856 3406 grammaticis
891 3339 970 3403 quae
1005 3318 1167 3383 edidenmt
1203 3321 1358 3385 losannae

146 3439 187 3486 aa
216 3423 422 3490 Ercnnnrsnn
454 3433 485 3490 et
515 3425 705 3492 Sasnnsaus
732 3423 934 3488 Eanarcnen:
963 3441 981 3484 e
1012 3421 1125 3506 quibus
1158 3421 1241 3506 quod
1269 3422 1360 3487 huius

146 3530 265 3589 tantum
289 3549 402 3592 nomen
422 3526 485 3593 iere
506 3525 605 3612 posui,
624 3525 655 3589 id
673 3524 830 3590 brevitatis
850 3523 951 3587 studio
973 3522 1029 3587 ieci
1050 3522 1266 3609 praeeuntibus
1286 3523 1361 3601 aliis,

147 3644 204 3689 nec
223 3647 339 3704 vereor,
360 3649 399 3693 ne
421 3649 510 3713 aegre
529 3626 588 3691 boe
610 3625 687 3690 ierat
705 3623 899 3689 doctissimus
919 3624 1020 3710 operis
1039 3623 1105 3688 eius
1126 3624 1236 3689 socius.
1281 3624 1360 3690 Cou-

148 3724 226 3790 feras
246 3728 461 3813 prolegomena
480 3749 508 3814 p.
531 3749 599 3791 xm.
616 3747 660 3810 sq.
705 3727 743 3789 ln
762 3725 883 3810 quibus,
902 3747 1089 3812 quamquam
1111 3746 1191 3811 quae
1205 3725 1255 3790 bic
1276 3746 1361 3790 enar·

148 3827 212 3893 rasi
235 3829 299 3893 suis
318 3830 393 3894 locis
415 3829 477 3894 iere
499 3836 571 3893 sunt
591 3835 839 3904 commemorata,
860 3828 964 3912 putavi
983 3836 1085 3892 tamen
1106 3827 1186 3892 banc
1207 3827 1280 3891 mibi
1300 3827 1362 3891 dari

149 3930 278 4009 veniam,
300 3940 337 3996 ut
356 3951 392 3995 oa
410 3931 460 3995 hic
482 3929 700 4015 complecterer
719 3929 805 4014 quasi
824 3949 889 3994 uno
909 3929 940 3992 in
959 3936 1127 4014 conspectu
1144 3928 1282 4019 videnda,
1302 3948 1363 4014 quo

152 4035 247 4120 magis
272 4041 431 4120 appareret
455 4040 486 4097 et
517 4032 684 4117 permultos
710 4031 790 4096 viros
825 4053 887 4095 non
918 4030 1019 4095 minus
1054 4031 1243 4096 humanitate
1268 4035 1364 4116 'atque

153 4135 331 4202 liberalitate
353 4157 445 4224 quam
468 4134 605 4200 doctrina
627 4134 821 4210 excellentes,
855 4132 968 4218 quibus
992 4133 1131 4197 meritam
1154 4133 1282 4218 gratiam
1302 4154 1363 4198 mc·

154 4237 231 4302 mori
254 4247 355 4303 mente
377 4237 531 4326 persolvo,
563 4256 687 4322 operam
713 4256 812 4300 meam
837 4234 958 4320 egregie
983 4233 1146 4311 adiuvisse,
1171 4241 1210 4304 ¹et
1234 4255 1296 4312 me,
1330 4255 1365 4298 er

154 4362 216 4427 quo
243 4340 302 4406 hoc
327 4340 484 4425 negotium
509 4337 723 4423 suscepissem,
758 4357 915 4421 nunquam
941 4335 1105 4421 quievisse,
1140 4357 1242 4421 neque
1271 4333 1365 4401 labori

153 4463 254 4530 neque
279 4441 451 4528 sumptibus
476 4448 663 4528 parcentem,
698 4445 734 4504 ut
770 4437 982 4522 conquirerem
1008 4444 1187 4524 apparatum
1214 4437 1365 4514 idoneum,
