2950 4992
263 72 735 142 consummassem.
779 76 854 141 LlB.
875 76 915 141 11.
960 74 1049 142 0111.
1068 75 1135 140 XV.
1226 77 1285 143 llltl

108 244 318 331 agnoscimus,
339 245 414 330 quia
435 244 520 330 quod
541 244 641 311 estin
663 243 734 329 igue
755 264 869 309 nomen
889 244 987 325 eelim,
1007 244 1041 313 in
1059 245 1130 311 nive
1154 246 1284 313 uocabu-

108 333 177 397 lum
195 330 314 414 frigidi,
338 329 504 415 appellatio
525 329 623 395 duleis
643 329 676 393 in
697 328 805 407 melle,
824 328 883 394 hoc
903 350 1027 395 necesse
1051 339 1099 397 est
1121 331 1159 397 de
1179 332 1283 398 anima
1305 390 1308 405 ,

105 412 328 499 αὐτοκινήτου
360 437 474 480 nomen
503 415 653 500 intellegi,
692 414 775 501 quod
802 414 911 480 Latina
944 418 1103 481 conversio
1131 416 1283 501 significat

98 524 165 588 per
186 504 354 567 semoveri.
397 503 511 568 Necte
530 500 713 579 confundat,
738 499 821 587 quod
841 502 957 567 mecei
975 502 1128 586 passivum
1151 504 1279 569 verbum
1293 502 1330 566 13

104 595 170 653 est:
212 607 285 663 uec,
322 586 403 651 sicut
427 588 526 651 securi
548 608 619 651 cum
644 586 772 663 dicitur,
806 587 868 651 duo
897 587 1012 672 pariter
1037 585 1279 666 considerantur,

103 672 193 758 quod
213 679 295 739 secat
314 680 347 735 et
365 671 451 757 quod
473 679 608 749 secatur,
642 672 716 737 item
740 694 809 737 cum
831 674 928 737 teneri
944 672 1072 749 dicitur,
1101 672 1163 737 duo
1189 673 1278 739 intel-

104 757 267 843 leguntur,
287 756 369 842 quod
388 765 473 822 tenet
494 766 525 823 ct
547 758 630 843 quod
651 766 792 834 tenetur,
812 757 856 844 ita
875 758 925 823 hic
943 760 1058 823 moeri
1074 757 1205 824 duarum
1230 778 1277 823 re·

104 864 177 909 rum
199 842 454 928 significationem
477 851 583 927 putes,
617 865 696 928 quae
716 851 821 910 movet
842 851 874 908 et
893 864 972 929 quae
997 850 1148 908 movetur.
1197 844 1275 912 Nam
1289 840 1326 903 14

101 930 205 994 securi
229 928 354 1013 quidem
384 936 417 992 et
442 931 537 993 tenni
561 930 661 1014 passio
690 939 753 1006 est,
791 928 860 995 ideo
882 929 1158 995 considerationem
1180 937 1212 995 et
1233 928 1276 993 sa-

102 1014 214 1079 cientis
242 1021 273 1077 et
300 1013 445 1097 patientis
471 1014 680 1099 amplectitur:
717 1016 833 1081 moeni
856 1022 959 1081 autem
983 1036 1052 1081 cum
1075 1014 1113 1079 de
1136 1014 1184 1079 his
1207 1015 1275 1099 qui·

102 1100 176 1163 dem
197 1097 309 1162 dicitur
332 1119 412 1183 quae
437 1100 476 1163 ab
504 1100 565 1164 alio
592 1106 770 1178 moventur,
806 1108 970 1185 utramque
999 1100 1273 1165 considerationem

101 1184 247 1248 similiter
265 1192 490 1267 repraesentat;
519 1184 556 1249 de
577 1206 614 1250 eo
637 1192 741 1249 autem
764 1185 847 1269 quod
869 1185 910 1249 ita
931 1204 987 1269 per
1008 1206 1040 1249 se
1061 1193 1218 1263 moretur,
1238 1193 1275 1250 ut

102 1269 146 1340 sit
166 1264 392 1351 αὐτοκίνητον,
414 1290 484 1335 cum
502 1272 617 1335 moneri
636 1270 757 1347 dicitur,
779 1270 851 1355 quio
871 1291 907 1335 ex
931 1290 1105 1334 senonen
1126 1270 1186 1335 alio
1207 1291 1273 1334 mo-

102 1362 209 1430 uetur,
249 1355 332 1418 nulla
359 1362 462 1440 potest
488 1355 621 1440 suspicio
647 1354 797 1441 passionis
825 1353 970 1441 intellegi.
1022 1356 1101 1422 Nam
1127 1362 1159 1419 et
1186 1366 1273 1431 stare,
1285 1354 1323 1417 15

102 1439 177 1504 licet
200 1439 356 1525 passivum
378 1440 507 1506 verbum
529 1462 591 1505 non
613 1462 679 1506 esse
702 1441 856 1519 videatur,
891 1462 961 1507 cum
985 1440 1022 1505 de
1045 1461 1081 1505 eo
1102 1448 1206 1505 tamen
1229 1440 1274 1504 di·

101 1526 184 1589 citur
206 1525 290 1610 quod
307 1532 369 1591 stat
389 1525 450 1591 alio
470 1526 617 1605 sistente,
648 1534 684 1591 ut
702 1537 783 1591 stant
801 1538 898 1591 terrae
918 1526 1033 1613 dapium
1057 1526 1158 1591 tnnc
1180 1524 1273 1610 signi·

102 1610 176 1675 [icat
196 1611 386 1695 passionem:
429 1611 473 1676 sic
492 1619 525 1676 et
543 1613 658 1676 moeni
678 1612 750 1675 licet
771 1611 925 1696 passivum
949 1618 1052 1689 sonet,
1084 1610 1208 1695 quando
1228 1618 1273 1675 ta-

8 1747 11 1749 ,
101 1717 175 1760 men
198 1696 274 1760 nihil
297 1696 379 1761 inest
399 1696 527 1774 iaciens,
560 1697 680 1783 patiens
701 1697 802 1761 inesse
825 1718 885 1761 non
909 1697 1031 1783 poterit.
1079 1698 1137 1773 Et,
1164 1704 1199 1760 ut
1221 1692 1323 1760 ab-'lll

101 1780 235 1845 solutius
262 1780 378 1867 liqueat
405 1803 468 1846 non
496 1782 661 1848 verborum
691 1783 745 1846 sed
774 1803 878 1847 rerum
913 1782 1070 1847 intellectu
1098 1781 1271 1866 passionem

101 1864 284 1950 significari,
322 1888 392 1931 ecce
411 1866 490 1951 ignis
510 1888 581 1933 cum
603 1867 702 1932 fertur
723 1867 762 1932 ad
780 1888 914 1953 superna
933 1866 1009 1932 nihil
1033 1867 1162 1951 patitur,
1201 1887 1271 1931 oum

13 1989 24 2002 -
102 1951 249 2016 deorsum
269 1951 367 2016 fertur
385 1952 452 2016 sine
475 1953 570 2017 dubio
594 1952 726 2038 patitur,
761 1953 834 2038 quia
856 1953 915 2018 hoc
937 1953 995 2018 nisi
1023 1952 1084 2017 alio
1106 1951 1272 2037 inpellente
1316 1972 1324 1991 ·

104 2058 169 2101 non
190 2036 335 2101 sustinet:
375 2044 497 2102 etcum
519 2038 726 2103 unumvidem
752 2058 790 2103 ue
813 2039 939 2103 verbum
961 2037 1147 2124 proferatur,
1183 2054 1323 2123 pas-[reo]

101 2122 222 2187 sionem
241 2130 345 2187 tamen
365 2123 458 2206 modo
479 2123 580 2188 inesse
602 2123 695 2188 modo
717 2060 824 2189 alesse
846 2122 991 2189 dicemus.
1050 2124 1138 2207 Ergo
1156 2129 1189 2186 et
1208 2123 1320 2186 κιο-11

99 2211 166 2273 νοντ’
183 2208 265 2272 idem
286 2208 319 2272 in
341 2208 562 2293 significatione
584 2208 732 2295 estquod
754 2210 863 2286 colere,
891 2218 1013 2275 etcum
1036 2207 1152 2271 ferrum
1172 2207 1271 2271 calere

100 2293 231 2359 dicimus
257 2294 304 2359 vel
334 2296 439 2359 stilum
465 2295 599 2373 moveri,
640 2295 713 2380 quia
742 2294 867 2379 utrique
892 2294 952 2359 hoc
972 2292 1094 2359 aliunde
1120 2291 1271 2376 provenit,

100 2380 275 2465 passionem
297 2401 364 2445 esse
385 2379 550 2445 lateamus:
589 2400 660 2446 cum
682 2400 756 2445 vero
778 2387 834 2444 aut
853 2380 932 2463 ignis
954 2378 1052 2445 calere
1079 2384 1133 2469 aut
1154 2377 1271 2442 moveri

894 2614 980 2677 [lidd.
1000 2612 1203 2681 sicahgspdeb.

100 2705 177 2765 (sup.
197 2700 352 2759 essentium)
371 2699 403 2751 B.
420 2728 455 2738 —
479 2698 647 2767 agnovimnt
665 2698 698 2749 G.
733 2700 899 2785 accipimus
917 2700 968 2750 Rl.
989 2724 1016 2735 ·-
1036 2691 1271 2749 ΑΥΤΟΚῪΝΗ-

105 2762 162 2817 ΊὛ
175 2767 227 2817 111.
271 2767 534 2820 ΑΥΤΟΚΙΝΗΤΙ
556 2764 727 2817 31112οΗ2.
776 2764 937 2833 αντοκίνητι
954 2772 1030 2831 [sup.
1049 2768 1096 2825 ου)
1117 2764 1145 2816 S.
1192 2772 1270 2817 auto-

99 2834 189 2886 cincti
207 2834 239 2885 ll.
281 2829 473 2902 αὐτοκίνητον
493 2834 596 2885 ucul’.
636 2832 733 2901 „Lege
752 2828 946 2901 αὐτοκινήτου,
970 2841 999 2885 ut
1014 2832 1160 2899 praecedit
1177 2850 1270 2884 nemen

99 2903 224 2964 calidum,
240 2904 395 2955 casululam
406 2903 519 2972 frigidi.
553 2904 589 2955 m
606 2900 673 2952 diss.
692 2903 847 2969 quoque‘id
866 2902 1012 2969 exigunt.·‘
1029 2900 1115 2951 (ἔνου.
1130 2930 1166 2940 -
1182 2902 1269 2971 signi·

93 2972 163 3036 ficut
183 2986 238 3022 om.
262 2970 313 3021 Rs.
480 2974 517 3022 13.
552 2972 604 3021 duo
620 2971 721 3036 pariter
738 2970 977 3039 intellegantur
1002 2970 1053 3019 Re.
1081 2996 1115 3007 —
1142 2970 1269 3035 itemque

99 3037 122 3087 F
124 3038 142 3088 S
162 3038 218 3099 (Rs
235 3053 252 3088 a
269 3056 326 3091 sec.
345 3044 396 3100 m.)
413 3036 476 3090 010
496 3040 533 3102 ,,3
549 3038 620 3091 0¹.“
635 3064 670 3075 -
687 3039 726 3089 ita
744 3040 785 3089 nic
803 3040 835 3089 in
851 3039 950 3089 moveri
966 3038 1046 3104 r·glr.
1081 3036 1121 3087 itn
1139 3038 1180 3088 laic
1198 3043 1268 3099 (om.

99 3107 209 3164 movere]
228 3106 279 3157 Rl.
433 3109 473 3156 14.
507 3124 570 3157 narn
587 3106 672 3156 secari
753 3106 778 3171 (§
797 3110 853 3166 19.)
873 3107 1036 3174 praestitisse
1053 3104 1158 3156 dicatur
1175 3121 1227 3155 om.
1247 3102 1267 3156 1.

99 3202 131 3212 -
148 3177 173 3225 et
185 3172 315 3239 facientis
332 3180 357 3225 et
372 3174 502 3241 pacientis
520 3175 753 3225 considerationem
772 3174 821 3224 Ra.
847 3202 874 3211 -
900 3174 932 3225 de
950 3190 979 3225 eo
997 3179 1065 3234 (om.
1086 3177 1186 3233 autem]
1207 3170 1265 3222 Bu.

98 3268 131 3279 -
153 3260 206 3293 non
228 3243 265 3293 ab
286 3242 342 3293 alio
365 3241 465 3292 Rl'l'rs.
618 3245 658 3291 15.
694 3243 814 3293 sedente
833 3246 909 3305 (sup.
931 3242 973 3293 cel
996 3243 1115 3301 sistente,
1146 3257 1199 3291 om.
1222 3244 1265 3299 nt)

98 3309 149 3360 Rl.
168 3338 203 3346 —-
225 3312 308 3376 stant]
327 3308 426 3377 Virgil.
446 3310 511 3360 ileo.
528 3309 579 3372 l't,
595 3312 702 3359 652-
721 3317 809 3370 terro,
829 3316 859 3359 ut
876 3308 939 3360 edd.
960 3314 1075 3360 recenti.
1092 3306 1171 3373 l'irg.
1193 3307 1212 3357 l.
1232 3324 1266 3371 m,

98 3381 134 3443 „4
153 3377 225 3429 0x.“
258 3380 347 3429 terrie
365 3376 464 3428 lrs-bP.
621 3380 660 3427 16.
696 3377 850 3429 intellectui
868 3378 919 3427 Rl.
943 3405 975 3415 -
997 3378 1146 3445 significari
1161 3374 1265 3442 passio-

98 3463 154 3497 nem
174 3444 277 3495 112-
295 3463 356 3496 non
375 3445 429 3495 alio
446 3450 504 3505 ί...
520 3462 573 3494 non
590 3444 714 3505 sustinet)
733 3462 759 3496 v.
776 3474 809 3483 -
832 3446 967 3512 implente
983 3442 1014 3495 F.
1031 3470 1063 3481 -
1079 3444 1184 3494 verbam
1202 3440 1265 3493 add.

99 3530 185 3564 accc.
202 3529 238 3563 m.
254 3512 286 3563 Il.
303 3512 555 3565 -tantammodo
573 3510 624 3562 [tr.
644 3540 677 3550 —
692 3513 770 3564 modo
787 3513 870 3565 inesse
885 3511 946 3563 add.
964 3528 980 3563 a
997 3529 1053 3563 sec.
1068 3528 1104 3562 m.
1122 3510 1153 3561 F.
1171 3539 1204 3548 —
1222 3510 1265 3561 di-

99 3582 185 3633 cimus
202 3597 265 3630 v·.
432 3582 473 3630 17.
508 3587 533 3631 et
550 3580 636 3630 calere
653 3596 711 3631 carn
721 3582 825 3645 ferram
843 3579 895 3630 Rl'.
947 3588 1046 3633 etcum
1064 3578 1264 3643 calereferrarn

99 3665 157 3717 ng.
181 3676 216 3687 -
236 3598 287 3700 loc
304 3664 359 3699 orn·
377 3662 441 3715 vag.
463 3675 497 3685 -
517 3647 650 3715 pervenit
666 3664 720 3717 ng
738 3653 773 3717 (g
789 3648 818 3699 in
836 3666 893 3717 mg.
909 3648 1054 3717 provenit).
1081 3675 1111 3686 -
1139 3650 1265 3703 latemur

131 3873 172 3921 12.
213 3865 371 3935 appellatio]
403 3864 478 3917 idern
506 3870 550 3916 est
580 3866 653 3932 quod
703 3883 762 3918 nem
779 3867 940 3937 significare]
965 3866 982 3919 i.
1002 3884 1025 3919 c.
1050 3870 1080 3918 ut
1098 3862 1209 3933 plenius
1228 3862 1264 3913 li-

98 3955 197 3991 ncmen.
231 3937 366 3987 Vidnot.
384 3935 419 3989 ad
437 3934 498 3985 Sat.
516 3932 624 3998 1,4‚a.
703 3942 801 4000 queat,
836 3934 995 4003 passionem
1023 3932 1180 4002 significari
1209 3947 1262 3981 non

130 3998 322 4071 αὐτοκινήτου]
357 4003 411 4054 dut
439 4002 482 4053 sic
510 4008 560 4053 aut
590 4018 652 4053 cnm
703 4004 803 4065 torma,
822 4005 870 4057 aad
892 4004 921 4055 vi
937 4004 1096 4065 verborum,
1114 4000 1160 4050 vel
1180 3999 1264 4051 relius

99 4075 157 4127 cod.
185 4073 208 4123 ll
242 4073 393 4139 legendum
426 4076 470 4122 eet
501 4070 653 4122 retronea:
703 4087 775 4137 qnae
793 4070 999 4139 intelligantur.
1036 4069 1079 4121 Gi.
1100 4086 1122 4119 c.
1143 4071 1188 4129 16,
1205 4066 1218 4131 t
1236 4070 1261 4116 2.

99 4143 128 4193 ln
145 4142 182 4193 iis
197 4158 269 4208 quac
286 4145 439 4206 sequuntur
453 4138 566 4189 malim:
583 4137 654 4206 qnod
699 4140 794 4203 facilis
816 4147 854 4193 est
878 4141 1033 4192 absoluta
1053 4136 1199 4203 responsio,
1234 4137 1263 4183 et

103 4210 197 4261 totino
214 4211 348 4261 cmcersio
371 4208 508 4276 significat
529 4222 654 4275 perper
706 4206 735 4272 1,
761 4210 809 4270 20,
839 4210 864 4257 3.
892 4207 1074 4259 obscuritatem
1103 4202 1263 4269 definitionis

102 4279 274 4329 semoveri.
314 4276 368 4329 Sed
387 4275 415 4327 in
433 4275 512 4327 nullo
528 4290 654 4325 meorum
707 4275 787 4327 isaiae
805 4274 830 4327 li
859 4272 1171 4327 nidinealrsolcens.

103 4342 224 4395 codicum
244 4362 310 4397 mee.
332 4344 454 4396 iteratur
471 4340 656 4410 praepositio.
743 4342 810 4409 ecce]
829 4294 890 4395 llid.
908 4341 1017 4393 noted
1038 4358 1061 4390 c.
1081 4344 1124 4401 10,
1141 4340 1153 4405 ξ
1171 4344 1195 4389 8.

134 4414 175 4461 16.
209 4414 397 4466 atalsolatias
409 4412 510 4479 lipaeat
526 4426 655 4463 nonem·
741 4411 816 4479 ignis
838 4448 861 4463 ..
883 4410 952 4465 nita
975 4407 1087 4479 patitur]
1113 4406 1156 4459 cf.
1180 4426 1203 4461 c.
1225 4411 1266 4471 14,

103 4480 190 4532 loram
214 4480 260 4533 sed
282 4497 372 4535 reram
395 4480 531 4535 intellecta
552 4478 656 4548 poesin-
708 4478 722 4544 ᾗ
742 4481 785 4530 11.
