2950 4992
230 145 368 215 coum.
389 145 434 216 m
455 143 583 214 soum.
604 142 702 211 serr.
745 143 820 210 mn.
841 146 865 209 1.
909 144 999 212 usn.
1016 144 1103 211 xm.
1191 145 1249 210 ns
1319 116 1321 122 '

83 317 180 388 sideri
226 339 244 382 e
267 324 347 382 stare
368 334 617 402 nonnumquam:
643 321 807 400 postquam
825 314 914 394 haec,
934 316 1076 403 inquam,
1098 317 1180 382 inter
1201 320 1298 386 easll

85 406 134 490 agi
153 337 313 480 vidimus,
351 413 449 469 certm
470 403 528 468 sibi
549 409 651 486 partes
671 401 874 466 decreverunt
896 401 927 465 in
949 403 1016 549 ipso
1037 404 1117 468 circo
1139 402 1252 468 consti·

86 498 175 554 tuere
194 498 226 554 et
248 488 450 555 divisionibus
471 496 636 563 annotare,
671 494 708 551 ut
728 494 811 552 certa
832 493 936 551 essent
969 507 1094 552 oacrum
1117 488 1252 567 nomina,

87 575 119 638 in
140 574 251 660 quibus
273 596 324 639 eas
345 573 458 639 morari
479 572 528 638 rel
548 573 586 636 de
607 571 720 657 quibus
738 573 838 636 exisse
860 571 896 636 ad
920 591 1037 656 quaeve
1059 589 1166 638 rursus
1184 594 1252 638 esse

86 668 229 726 venturas
254 667 286 724 et
311 660 370 725 sibi
396 658 528 724 invicem
560 657 780 722 annuntiarent
807 665 838 723 et
864 656 902 722 ad
930 664 1070 742 posteros
1098 658 1251 723 noscenda

86 745 338 810 transmitterent.
384 744 517 808 Duobus
542 742 636 828 igitur
657 744 736 808 vasis
760 743 863 808 aencis
884 741 1302 829 praeparatis,.qu0ruml2

86 831 172 896 alteri
193 831 307 896 landus
327 837 393 894 erat
418 828 451 892 in
474 828 600 893 modum
621 829 796 914 clepsydrae
816 828 947 906 foratus,
982 827 1057 893 illud
1081 827 1164 914 quod
1187 835 1254 892 erat

85 917 238 1002 integrum
260 935 390 981 vacuum
412 914 609 979 subiecerunt
628 915 720 999 pleno
742 935 839 1000 aquae
859 916 956 981 altero
974 913 1178 1064 superposito,
1200 912 1254 978 sed

85 1012 189 1068 meatu
216 1009 288 1066 ante
316 997 451 1076 munito,
489 1006 521 1064 et
544 1000 714 1084 quamlibet
740 999 778 1065 de
805 1001 906 1064 infixis
931 1022 1024 1066 unam
1054 1000 1251 1066 carissimam

86 1089 218 1161 stellam·
234 1083 396 1170 lucideque
422 1083 589 1150 notabilem
618 1085 769 1150 orientem
795 1084 1044 1150 observaverunt.
1086 1085 1175 1165 Quae
1198 1083 1302 1153 ubist
1411 1119 1414 1126 =

86 1173 222 1258 primum
243 1169 346 1267 coepit
365 1190 537 1254 emergere,
567 1189 639 1234 mox
661 1169 833 1234 munitione
855 1170 1004 1235 subducta
1026 1172 1303 1258 permiseruntpoa]

88 1257 229 1331 subiecto
243 1275 307 1320 vass
327 1275 438 1340 aquam
459 1255 626 1342 superioris
645 1255 789 1320 induere:
814 1255 965 1340 fluxitque
985 1255 1017 1319 in
1038 1257 1137 1320 noctis
1156 1257 1253 1341 ipsius

89 1348 122 1405 et
141 1340 238 1404 secuti
258 1340 319 1404 diei
339 1340 443 1419 finem,
461 1350 554 1427 atqua
574 1341 606 1405 in
628 1340 659 1404 id
679 1341 777 1406 noctis
798 1342 959 1417 secundae,
977 1340 1125 1426 quamdiu
1146 1341 1253 1406 eadem

89 1425 177 1491 stella
198 1425 236 1490 ad
258 1433 361 1494 ortum
379 1447 486 1492 rursus
506 1427 680 1492 revertitur.
723 1426 813 1506 Quae
832 1426 886 1492 ubi
907 1447 1055 1512 apparere
1074 1425 1123 1492 vix
1145 1426 1304 1511 acepit,14

88 1533 162 1576 mox
181 1532 261 1597 aqua
284 1532 363 1597 quae
384 1512 533 1577 influebat
552 1520 654 1577 amota
673 1518 729 1576 est
756 1511 851 1578 ·Cum
874 1511 967 1596 igitur
985 1511 1162 1578 observatae
1183 1511 1254 1577 stel-

89 1597 137 1662 lae
158 1597 219 1662 itus
239 1618 275 1661 ae
295 1596 412 1663 reditus
432 1598 581 1683 integram
603 1596 789 1680 signiticaret
809 1595 884 1662 caeli
903 1598 1275 1682 οοοιοοοίοοοιο,,τοοο·Ι

89 1703 192 1748 suram
213 1683 271 1748 sibi
293 1683 369 1747 caeli
394 1684 427 1747 in
445 1704 544 1769 aquae
566 1682 604 1747 de
625 1683 679 1769 illo
699 1683 786 1748 lluxu
814 1691 972 1768 susceptae
1003 1682 1172 1768 quantitate
1201 1703 1256 1768 po·
1372 1681 1377 1686 ’

90 1774 228 1833 suerunt.
270 1770 336 1832 Hac
357 1790 431 1853 ergo
458 1769 491 1832 in
509 1777 615 1918 partes
640 1789 753 1853 aequas
780 1768 941 1834 duodecim
969 1769 1026 1834 sub
1052 1768 1111 1832 lida
1138 1767 1305 1834 dimon-15

91 1854 178 1918 sione
198 1852 310 1932 divisa,
342 1853 401 1918 alia
425 1853 487 1920 duo
531 1853 601 1920 uias
622 1854 797 1939 capacitatis
823 1862 986 1942 procurata
1008 1861 1081 1921 sunt
1103 1874 1189 1933 rasa,
1219 1862 1256 1919 ut

884 2009 968 2074 [Edd.
986 2001 1187 2096 vicalspspdab.

86 2091 163 2142 'alias
178 2091 486 2161 uiderinonnuraquam
502 2101 573 2145 stare
593 2094 644 2145 Rl.
797 2096 838 2144 11.
872 2095 935 2145 linea
952 2095 1060 2162 inquam
1079 2091 1258 2145 BCFSRIQG
1339 2108 1341 2113 ·

91 2159 260 2212 DIOBaan.
306 2163 413 2228 inquam
430 2163 495 2213 daec
512 2162 614 2213 EddP.
639 2192 675 2201 —
703 2161 787 2214 eaisse
803 2171 899 2229 atque
915 2179 1006 2214 rursus
1021 2162 1051 2213 G.
1074 2163 1259 2224 -2centuras

90 2235 146 2285 esse
164 2228 216 2279 Rl·
245 2257 281 2268 -
304 2231 457 2283 nuntiarent
474 2229 740 2282 acusarauluua
756 2230 878 2300 ‚‚dngl.“
912 2231 1110 2282 annuntiarent
1130 2229 1258 2279 Eddd'l).

192 2300 235 2347 12.
270 2297 450 2365 elepslsydrae
468 2298 542 2349 BR2.
582 2299 724 2366 clppss'dre
743 2298 793 2349 Rl.
836 2298 1009 2364 clepsydriac
1026 2297 1058 2348 G.
1090 2325 1125 2334 -
1147 2299 1259 2362 foratus

91 2369 169 2429 (sup.
187 2365 250 2416 add.
267 2370 329 2432 per)
350 2365 399 2416 Rl.
426 2394 462 2403 -
488 2373 517 2418 et
533 2383 646 2417 vacuum
670 2364 747 2431 g'l'a.
769 2393 800 2403 -
829 2365 908 2432 plena
927 2373 1023 2432 atque
1042 2365 1125 2414 altero
1146 2364 1198 2414 Rl.
1227 2389 1256 2400 —

90 2432 265 2484 clarissimam
283 2433 360 2492 (add.
378 2449 394 2483 a
412 2449 467 2483 sec.
488 2449 525 2484 m.
542 2435 660 2491 stellam)
678 2432 711 2482 p,
733 2459 766 2468 —
791 2435 888 2484 stellas
911 2430 944 2481 B.
969 2459 1001 2470 —
1023 2431 1166 2482 notabilem
1184 2431 1259 2482 stel-

92 2500 157 2550 lam
175 2505 250 2567 (sup.
270 2501 333 2550 add.
351 2501 489 2560 orientem)
509 2499 539 2551 C.
695 2502 734 2549 13.
770 2516 830 2551 mon
853 2516 906 2550 ona
925 2499 959 2548 G.
988 2526 1021 2535 -
1048 2499 1129 2549 secuti
1151 2497 1259 2548 Bsaav

93 2567 231 2634 e-guuo.
267 2567 449 2618 secutaeRl.
484 2565 864 2633 sequentisCFis-bPl.-
886 2567 1108 2632 atqucs'nitium
1124 2565 1257 2619 naaliel).

92 2643 287 2701 atqueaeque
304 2634 562 2701 adprincipiurn
579 2634 663 2684 noetis
679 2633 702 2683 F
721 2633 758 2693 (P
776 2649 829 2684 orn.
847 2638 939 2701 atque)
963 2633 1140 2684 HtBnnBan.
1181 2641 1260 2700 atque

92 2703 122 2752 in
138 2700 167 2749 id
182 2717 282 2766 usque
299 2702 341 2752 ad
360 2701 563 2768 principium
578 2702 663 2751 noctis
681 2701 754 2768 „Mu
773 2700 823 2756 Ox.
843 2707 870 2752 ct
888 2717 986 2770 margo
1001 2699 1054 2751 Is.“
1071 2729 1102 2739 -
1121 2703 1261 2753 recutitur

92 2767 287 2835 Mssa-glise.
322 2767 435 2831 „Minus
454 2775 536 2818 recte.
570 2767 640 2818 Nam
658 2768 747 2819 series
765 2767 901 2820 orationis
919 2769 1038 2836 requirit
1055 2769 1260 2836 imperfectum.

92 2833 223 2886 Ceteram
242 2836 267 2886 si
285 2833 348 2900 quis
365 2834 448 2885 malit
464 2835 561 2903 legere
575 2843 756 2900 reverteretur,
774 2854 823 2905 per
840 2854 884 2908 me
901 2837 977 2888 licet.
1011 2836 1065 2888 Sed
1082 2855 1135 2888 non
1156 2843 1198 2890 est
1212 2853 1261 2888 ne·

93 2918 188 2968 cesse,
216 2903 346 2970 quoniam
364 2919 449 2968 saepe
465 2911 592 2956 revertere
610 2904 638 2954 in
657 2905 748 2956 lerina
767 2904 854 2955 activi
873 2905 900 2956 in
920 2910 1068 2972 praesente
1090 2905 1171 2957 etiis
1190 2911 1261 2956 taur·
1372 2947 1374 2951 ,
1433 2899 1437 2910 '

92 2970 221 3037 poribus,
254 2985 360 3038 qaaea
378 2978 525 3036 praesente
545 2971 776 3038 proficiscuntur,
808 2974 881 3040 apud
904 2973 1056 3039 scriptores
1081 2990 1134 3024 non
1158 2989 1261 3024 aureae

93 3038 196 3090 aetatis
214 3038 365 3090 occurrit.“
391 3038 475 3090 Zeun.
523 3041 638 3092 rererts't
656 3041 689 3091 D.
738 3049 928 3094 reverteretur
945 3039 1062 3093 lubun.
1110 3047 1261 3094 reverterat
1307 3081 1313 3088 .

94 3107 151 3157 s-b.
305 3108 344 3156 14.
380 3107 426 3158 vir
444 3109 551 3174 ceperit
568 3108 638 3169 (dcl.
656 3113 697 3168 er)
715 3109 765 3159 R2.
804 3107 1090 3175 primumcoepitF.
1117 3137 1150 3146 -
1179 3117 1261 3161 crtus

93 3192 126 3225 ae
140 3173 242 3225 reditas
259 3173 310 3225 Ra.
328 3202 362 3211 —
377 3176 445 3226 caeli
461 3177 651 3227 conversionem
668 3176 832 3246 significaret
848 3177 882 3227 G.
917 3178 1100 3246 significarent
1114 3179 1262 3228 conversic-

93 3259 153 3293 τινος
171 3247 240 3301 (om.
258 3243 338 3301 eaels')
354 3240 406 3292 lll.
429 3271 464 3282 -
486 3243 556 3295 caeli
573 3245 624 3295 ridi
646 3242 681 3295 Β.
833 3247 874 3300 15.
910 3245 1054 3312 aequales
1080 3245 1133 3294 Ha.
1154 3273 1188 3282 —
1214 3247 1261 3296 sub

86 3310 269 3370 >demensione
279 3311 342 3376 fida
360 3309 391 3361 C.
415 3338 450 3348 —
468 3312 557 3364 nnius
571 3310 731 3379 capacitatis
749 3311 769 3366 1,
780 3310 816 3371 (0
835 3329 895 3378 sup.
911 3313 1012 3374 leuius).
1031 3339 1063 3350 —
1084 3329 1151 3363 oasa
1164 3329 1262 3380 praeu-

128 3463 174 3516 λθ.
215 3461 323 3512 Duobus
350 3461 436 3529 igitur
465 3461 537 3512 casis
566 3441 656 3512 aeneis
704 3480 755 3516 νον
772 3463 821 3530 τῆς
840 3457 904 3530 ὅλης
921 3457 1033 3530 ἡμέρας,
1068 3456 1099 3522 ὅς
1116 3458 1188 3514 ἐστιν
1206 3455 1262 3514 cirrd

94 3530 265 3596 praeparatis
294 3528 358 3594 eta]
387 3528 554 3594 „Expressit
581 3529 656 3580 lianc
704 3531 754 3599 τῆς
771 3526 881 3597 ποιότης
897 3525 1033 3596 ἀνατολῆς
1050 3530 1100 3582 τοῦ
1118 3525 1197 3597 ἡλίου
1217 3525 1263 3596 με’-

94 3602 221 3647 veteram
245 3601 323 3647 astra
348 3596 535 3661 spectantium
558 3595 674 3653 iurans
704 3597 815 3666 χοιτῆς
831 3595 903 3654 κατὰ
921 3594 972 3666 τὴν
993 3591 1087 3664 ἑξῆςὴ
1116 3592 1263 3666 'pannoni-

96 3664 200 3715 tionem
219 3680 273 3715 ncn
293 3662 385 3715 minus
407 3665 555 3730 perspicue
573 3663 655 3716 'I'lsec
704 3661 924 3733 engelramino·
958 3663 1002 3718 ἐπὶ
1027 3663 1057 3718 δὲ
1091 3723 1095 3732 ,
1129 3661 1263 3732 εκλιμένης

96 3731 125 3783 in
155 3730 372 3782 Commentariis
400 3732 435 3782 ad
461 3732 654 3784 Ptolemaeum
703 3733 817 3800 ψεῦδος.
852 3734 971 3785 Causam
1000 3733 1100 3786 deinde
1124 3732 1263 3786 adiiciens

95 3800 147 3852 lib.
166 3800 197 3850 V.
217 3795 326 3862 ονντολξ.
341 3793 464 3866 μεγάλης.
499 3801 590 3866 Quem
606 3799 656 3867 qui
705 3801 761 3864 ait,
796 3797 843 3854 dade
860 3798 892 3854 τὸ
913 3797 964 3868 τὸν
983 3795 1061 3869 ἥλιον
1082 3797 1127 3854 tet
1144 3800 1199 3853 τῶν
1214 3799 1262 3881 do:

95 3868 174 3920 volet
194 3867 300 3918 ibidem
322 3867 526 3934 recognoscite.
559 3867 656 3920 Ptole·
679 3920 681 3924 ,
722 3866 848 3937 sacrique
872 3864 1008 3936 κλιμάτων
1028 3865 1104 3937 παρὰ
1132 3864 1183 3936 τὴν
1210 3884 1259 3919 τοι
1289 3918 1291 3922 ,

95 3952 194 3988 macas
222 3951 290 3985 vero
317 3935 379 4001 ipse
405 3935 541 3987 rationem
569 3935 654 3988 istam
704 3887 861 4022 daqpepsacri
886 3935 997 4004 ἔγκλισιν
1019 3933 1048 3989 ἐν
1070 3935 1174 3987 πλείοσι
1197 3931 1263 4020 ppri-

94 4011 128 4056 ut
142 4005 278 4055 incertam
294 4001 439 4068 praeterit.
473 4004 655 4071 Hipparchus
703 4021 763 4064 νοις
775 4003 966 4073 οιναφὲρεοθαι
979 4004 1029 4056 τοῦ
1045 3999 1182 4070 ὁρίζοντος
1192 4019 1262 4070 ηπερ

95 4072 126 4124 in
148 4071 236 4123 rectis
255 4069 466 4123 ascensionibus
489 4073 581 4124 locam
604 4072 656 4124 sli·
704 4067 750 4124 est
766 4071 822 4124 τῶν
839 4069 1026 4140 νοτιοτέροννέ(
1050 4073 1137 4122 Pour.
1183 4101 1209 4122 .-

96 4157 179 4206 qaem
204 4140 267 4202 dat,
297 4138 326 4188 in
351 4137 474 4205 obliquis
489 4157 550 4194 non
578 4141 656 4194 item.
740 4145 781 4192 1³.
816 4142 943 4206 quamdiu
961 4175 985 4192 ..
1002 4137 1151 4204 reuertitur]
1168 4135 1201 4189 Si
1217 4155 1263 4190 rc-

96 4208 188 4278 Verbn
207 4211 273 4258 sant
288 4206 429 4257 Theonis:
457 4199 607 4294 Ἵππαρχος
627 4205 657 4260 δὲ
706 4207 833 4275 spexeris
852 4210 886 4266 ad
901 4225 932 4259 e.
955 4210 1002 4269 18,
1024 4207 1037 4272 5
1060 4210 1102 4256 11.
1123 4213 1151 4255 at
1172 4221 1196 4258 c.
1219 4209 1263 4271 20,

98 4269 144 4324 un
155 4271 214 4346 μὲν
233 4272 283 4338 τῆς
304 4269 394 4341 ὀρθῆς
415 4277 536 4341 apamen
553 4272 657 4342 αιηοὲς
705 4271 1151 4341 aas.usu.vr1,u‚m.,um
1169 4291 1263 4340 mm-

99 4333 171 4390 εῖνοιι
187 4335 373 4413 τοῦτόκφηοιν
391 4339 499 4407 (φασιν
516 4346 590 4409 pn),
617 4336 656 4402 nic
705 4344 767 4404 diu,
788 4347 819 4392 ut
836 4342 865 4393 h.
884 4341 918 4405 l.,
937 4341 1011 4392 idem
1032 4341 1109 4393 valet
1127 4343 1198 4406 quod
1217 4359 1263 4394 us-

98 4400 653 4477 cideaqoporirrcc(ddeaqmporinesgp2-e)
705 4426 755 4478 que
773 4409 848 4472 dum,
873 4407 956 4462 malis
973 4408 1091 4460 forsitan
1110 4425 1171 4460 eum
1192 4407 1264 4462 Zeu·

99 4468 131 4526 ἐν
147 4473 181 4542 τῇ
198 4472 321 4543 ἰοημεοίᾳ
342 4474 393 4526 rori
416 4472 520 4544 χρόνον
539 4478 587 4546 τῆς
603 4475 654 4529 rori
704 4479 752 4530 alo
768 4475 855 4530 scribi
871 4485 1052 4532 reverteretur.
1084 4477 1118 4530 lll
1134 4477 1265 4544 equidem

98 4535 205 4609 adapes
221 4539 404 4608 τεοιοτροφῆς
427 4543 499 4613 πρὸς
520 4541 571 4600 τὸν
592 4539 656 4614 χρό·
703 4542 863 4615 putaverim
907 4545 1082 4601 Macrobium
1123 4546 1267 4616 praesenti
