2950 4992
178 200 223 244 ιιι
626 169 960 241 Puotuuotsstus.

179 350 217 412 (a.
236 345 340 411 Mill),
354 343 383 396 in
400 359 455 410 qus
474 341 604 395 dicuntur
621 343 707 409 „plus
726 357 809 409 qasm
827 347 871 393 ter
887 339 969 394 mille
985 355 1097 393 errores
1114 339 1232 410 corrigi,
1250 339 1411 395 Graecum·
1467 360 1468 373 ι

180 448 234 500 que
251 431 324 498 quud
343 428 370 480 iu
388 429 456 480 elim
476 426 622 495 impressis
640 426 765 480 defuerit
782 425 842 476 fere
860 426 989 478 omnibus
1008 426 1079 479 locis
1096 428 1230 494 repoui“,
1258 433 1287 480 et
1305 429 1335 480 in
1355 431 1411 481 lti-

182 517 300 580 r‚iana‚
326 530 398 582 quae
415 511 520 580 prodiit
537 511 694 565 Venetiis
713 528 738 564 a.
757 511 890 563 bllllllll.
908 512 936 576 (r
952 511 997 577 3),
1022 510 1051 563 in
1069 511 1150 566 cuius
1167 513 1252 566 titulo
1272 513 1413 581 leguntur

181 603 268 655 baeer
292 601 354 664 „En
374 599 426 650 tibi
446 599 535 650 le'ctur
552 597 770 664 candidissime,
792 595 969 658 Macrobius,
988 596 1036 662 qni
1053 604 1135 649 autea
1152 614 1269 650 mancus
1288 599 1411 650 mutilus

182 702 217 739 ac
232 687 309 739 lacer
325 683 590 746 circumferebatur,
612 699 685 734 nunc
706 680 829 749 primum
850 680 961 748 integer
978 681 1084 733 nitidas
1102 689 1131 734 et
1147 699 1199 735 sao
1217 682 1306 734 nitori
1323 685 1412 738 reati·

183 776 270 836 tutus,
286 770 315 822 iu
330 787 384 838 quo
402 768 529 822 Graecae
548 766 706 820 maiestatis
723 765 858 833 dignitas,
876 766 966 831 quoad
984 765 1046 816 eius
1064 765 1128 818 lieri
1144 768 1244 834 putuit,
1262 775 1412 835 superstes

183 856 352 924 reperitur.“
387 853 458 906 Nam
474 852 642 904 omittuntur
660 851 768 902 Graeca
785 863 875 915 paene
893 848 1004 911 omnia,
1029 865 1101 916 quae
1118 867 1153 902 ae
1173 867 1190 903 a
1208 851 1281 904 Nic.
1301 852 1412 921 Ange-

184 942 232 994 lio
251 939 379 1008 quidem,
409 942 524 989 anctore
545 935 679 989 editionis
697 933 864 986 lactinae
882 934 916 1000 (i)
940 949 1013 1000 quae
1032 935 1137 1001 prodiit
1155 933 1369 988 Florentiae
1387 952 1411 988 a.

183 1025 307 1088 Muxv,
326 1023 394 1074 licet
414 1021 461 1074 hic
478 1022 560 1074 bonis
574 1037 642 1073 usus
660 1037 722 1072 esse
745 1018 875 1070 rideatur
892 1017 1036 1070 codicibus
1055 1018 1271 1086 manuscriptis
1289 1019 1329 1084 ⁴),
1345 1029 1413 1072 sunt

185 1111 326 1177 suppleta.
362 1105 474 1158 Primus
498 1106 551 1164 bec
567 1106 636 1158 fecit
652 1102 828 1157 Arnoldus
847 1102 1074 1166 Vesaliensis,
1087 1104 1135 1170 qui
1151 1102 1330 1156 Macrobium
1350 1105 1412 1156 edi-

187 1191 405 1246 mcomnue
417 1189 499 1244 esna
511 1190 637 1242 uerri.
654 1188 807 1242 uersu.
818 1186 984 1239 uuxsvu.
995 1189 1045 1253 (e),
1058 1188 1156 1250 eurise,
1168 1195 1198 1241 st
1210 1189 1272 1256 apso
1284 1189 1358 1241 crea
1373 1195 1411 1252 6),

105 1277 112 1281 ”
186 1277 330 1330 codicibus
349 1293 432 1330 mauu
452 1274 568 1344 seriptis
585 1275 613 1328 in
632 1276 687 1328 hoc
706 1274 804 1326 labore
823 1271 947 1337 adiutus,
964 1272 1025 1335 sed,
1042 1272 1071 1323 in
1090 1272 1161 1340 ipsis
1172 1273 1289 1325 Homeri
1306 1277 1412 1326 carmi-

186 1363 269 1418 nibus
289 1362 455 1428 conquirens
474 1379 572 1414 sersus
591 1377 640 1413 eus
662 1360 697 1412 ad
721 1375 792 1425 qnos
813 1356 969 1424 respiceret
987 1355 1164 1420 Macrobius,
1192 1376 1276 1425 quam
1292 1361 1330 1413 ob
1351 1379 1412 1412 rem

186 1447 288 1500 mirum
303 1465 357 1500 uon
376 1454 420 1499 est
438 1465 524 1516 saepe
542 1463 595 1500 nou
613 1461 661 1498 eos
681 1460 780 1496 versus
800 1457 870 1508 quas
891 1440 944 1493 ille
961 1447 1027 1494 ante
1047 1443 1145 1494 oculos
1163 1442 1297 1497 babuerit
1315 1446 1346 1497 is
1363 1446 1412 1497 lsis

185 1532 356 1586 editionibus
382 1531 513 1586 inveniri.
547 1530 643 1584 Verba
666 1529 729 1597 ipsa
751 1525 890 1580 Macrobii
913 1523 954 1578 ita
977 1527 1126 1580 emendare
1150 1535 1268 1582 constas
1290 1536 1351 1594 est,
1382 1537 1413 1583 ut

256 1691 286 1756 ⁴)
310 1689 353 1741 cf.
376 1688 525 1757 epistolam
548 1690 581 1740 ed
603 1688 736 1742 loannem
761 1685 918 1740 Salviatum
942 1702 1014 1753 quac
1037 1685 1083 1738 illi
1110 1685 1228 1741 editioni
1252 1688 1413 1755 praemissa
1469 1694 1470 1709 ¹

188 1763 244 1819 est,
272 1759 302 1809 iu
324 1774 379 1822 qua
400 1759 532 1824 leguntur
552 1757 635 1807 baeer
666 1754 741 1820 „Nos
759 1753 948 1821 vere...qui
1044 1753 1206 1816 Florentiae
1224 1756 1414 1809 immanitatis

187 1827 288 1878 literas
304 1824 417 1889 publice
436 1822 612 1890 profitemur,
644 1823 804 1887 exemplum
828 1822 937 1888 aliquot
960 1829 1086 1874 veterum
1108 1825 1199 1875 secuti
1221 1825 1414 1890 impendimus

187 1906 275 1959 prope
294 1892 349 1942 iam
371 1890 513 1942 biennium
537 1905 649 1956 operam
673 1890 756 1940 bonis
781 1888 967 1956 scriptoribus
990 1891 1239 1957 recognoscendis,
1267 1908 1301 1943 ea
1324 1892 1357 1943 in
1382 1910 1415 1944 re

188 1964 322 2025 quantum
346 1957 409 2008 boni
435 1957 571 2009 studiosis
594 1957 742 2010 attulimus
766 1956 851 2008 facile
869 1958 975 2024 (spero)
998 1966 1169 2026 cognoscent
1185 1959 1232 2026 qui
1251 1959 1342 2010 libros
1363 1977 1415 2012 no-
1470 2004 1471 2019 ,

188 2034 266 2078 strae
285 2021 487 2076 emendationis
505 2023 588 2076 titulo
607 2041 724 2075 excusos
741 2040 803 2075 cum
824 2025 892 2076 aliis
910 2024 971 2076 eius
988 2026 1102 2094 generis
1121 2027 1156 2078 ad
1173 2028 1244 2077 banc
1260 2024 1334 2076 diem
1357 2028 1416 2078 im·
1470 2022 1471 2049 ¹

190 2091 297 2161 pressis
313 2092 532 2158 quandocunque
554 2091 737 2155 contulerint,
765 2107 868 2144 sanare
889 2095 1028 2145 tamenin
1048 2099 1104 2145 tam
1122 2091 1310 2145 inextricabili
1329 2109 1417 2145 meu·

190 2163 288 2213 darum
320 2161 403 2227 sylva
429 2159 518 2211 multa
546 2159 749 2226 exemplarium
779 2160 874 2227 inopia
901 2159 996 2212 omnia
1023 2163 1141 2213 salucra
1165 2160 1212 2227 qui
1240 2160 1415 2227 potuimus?

190 2229 271 2296 Quod
291 2227 453 2294 nuperrime
475 2227 580 2279 accidit
601 2227 629 2278 in
653 2228 847 2294 pulcherrima
868 2243 902 2280 ae
924 2227 1138 2294 disciplinarum
1156 2227 1280 2281 omnium
1304 2228 1416 2281 referta

189 2296 417 2350 Saturnaliorum
435 2295 574 2348 Macrobii
594 2295 725 2348 lectione.
761 2295 908 2362 Repouere
925 2295 1015 2358 eninr,
1044 2297 1145 2363 siqua
1167 2296 1413 2361 desuntGraecs‚

189 2364 317 2417 codicum
341 2364 414 2415 unde
436 2369 516 2417 erant
535 2363 698 2431 deprompta
717 2361 833 2415 interitu
854 2369 904 2414 aut
921 2363 1045 2427 defectu,
1074 2372 1103 2414 et
1120 2381 1192 2431 quae
1209 2363 1310 2416 Latina
1328 2365 1414 2417 tertio

189 2439 344 2500 quartoque
363 2432 437 2484 libro
455 2430 661 2496 desiderantur,
678 2431 806 2498 quamvis
821 2431 1035 2483 accuratissime
1050 2432 1218 2498 conquisitu,
1236 2434 1317 2485 nulla
1331 2433 1414 2486 uobis

190 2501 299 2553 ratione
319 2500 409 2552 licuit.
444 2499 475 2550 ln
496 2499 615 2552 caeteris
635 2505 726 2551 tamen
743 2499 798 2550 fuit
816 2497 967 2565 castigatio
986 2499 1238 2568 diligentissima.“

259 2573 284 2632 ⁵)
303 2568 397 2620 Editio
416 2567 508 2633 prims
522 2567 594 2620 baec
610 2566 746 2620 scribenti
762 2568 797 2618 ad
815 2567 1016 2618 manummibi
1033 2567 1166 2620 nonfuit.
1190 2568 1232 2620 Es
1250 2564 1313 2620 eius
1332 2583 1413 2632 prae-

189 2635 296 2688 fatione
321 2635 349 2686 in
371 2635 480 2686 Notitia
502 2635 630 2687 literaria
654 2635 698 2686 ed.
718 2634 831 2702 Bipout.
854 2651 882 2701 p.
904 2649 944 2684 rx.
967 2640 1100 2702 excerpta
1117 2641 1182 2687 sunt
1198 2635 1319 2688 baeccc:
1349 2635 1411 2695 „En

192 2703 244 2756 tibi
264 2703 437 2753 Macrobium
455 2719 488 2752 ex
508 2702 589 2754 foedo
608 2702 736 2762 nitidum,
756 2719 789 2753 en
806 2704 926 2755 obscuro
941 2711 1083 2768 apertum,
1099 2701 1259 2769 expeditum
1278 2720 1313 2753 cx
1330 2701 1412 2753 intri-

191 2777 264 2831 cate,
281 2785 315 2819 ex
330 2770 445 2820 confuso
463 2768 605 2836 digestum
702 2768 789 2820 Nulla
806 2769 1008 2835 exemplarium
1027 2776 1164 2833 vetustas,
1181 2771 1277 2824 nullae
1294 2769 1411 2820 chartae
1471 2828 1472 2831 Ἴ

192 2850 327 2887 excussae
347 2835 526 2900 pulveribus,
542 2837 638 2887 nullae
655 2836 821 2903 dispunctas
838 2838 1031 2902 membranae,
1049 2843 1080 2889 ut
1094 2838 1158 2889 fieri
1181 2839 1268 2899 solet,
1288 2844 1410 2888 nostram

191 2903 266 2955 hane
284 2903 405 2968 opellam
424 2909 637 2968 promoverunt:
665 2905 714 2956 sed
733 2903 759 2954 si
778 2903 844 2969 quid
868 2905 1073 2971 praestitimus,
1101 2907 1129 2958 id
1148 2907 1248 2958 sedulo
1267 2906 1366 2958 labore
1385 2911 1413 2956 et

192 2970 299 3024 crebris
323 2969 562 3022 lucubrationibus
586 2970 730 3022 elimatum
754 2979 804 3023 est.
839 2972 1023 3025 Retexuimus
1046 2973 1132 3026 totius
1155 2972 1291 3025 orationis
1313 2974 1413 3036 telam,

192 3049 249 3091 tam
267 3038 382 3106 propria
399 3037 506 3089 autoris
525 3036 589 3100 iila,
615 3054 695 3104 quem
718 3039 840 3090 alierum
857 3040 942 3092 etiam
961 3041 1067 3092 inserte
1085 3043 1265 3109 subtegmina
1280 3055 1414 3106 perscru-

191 3107 251 3160 tati.
286 3105 317 3157 Si
336 3105 401 3172 quid
419 3104 548 3156 fortassis
565 3104 690 3156 hiulcum
710 3107 893 3171 occurrisset,
920 3124 985 3160 mox
1003 3109 1209 3173 obstruximus3
1238 3109 1263 3160 si
1280 3123 1414 3173 cumpac-

192 3180 251 3227 tum
270 3173 363 3234 nimis,
381 3171 558 3235 diducimur3
577 3173 754 3235 sustulimus,
773 3174 798 3225 si
817 3177 950 3238 notbum;
966 3176 1130 3238 adiecimus,
1147 3177 1172 3228 si
1190 3173 1412 3228 necessarium.“

193 3269 225 3280 -
244 3242 274 3292 ln
293 3239 413 3306 epistola
432 3240 467 3291 ad
487 3239 635 3292 candidum
654 3242 787 3294 lectorem
807 3259 890 3308 quam
907 3244 989 3294 alteri
1013 3243 1130 3296 editioni
1148 3243 1297 3311 praemisit
1309 3243 1412 3294 Vesa-

193 3307 336 3362 licusis:
368 3308 641 3373 „Perlustravimus,
660 3309 767 3376 inquit,
786 3312 895 3378 aliquot
912 3310 1100 3364 bibliothecas
1115 3329 1169 3363 non
1187 3313 1334 3378 vulgares,
1354 3309 1412 3362 rati

192 3395 243 3430 nos
259 3381 398 3429 vetustum
417 3377 540 3430 codicem
560 3382 720 3443 reperturos
737 3377 785 3444 qui
810 3379 1012 3446 exspectationi
1033 3386 1146 3432 nostrae
1164 3378 1344 3432 satisfaceret

193 3446 272 3512 Quae
291 3462 336 3496 res
353 3463 416 3497 cum
435 3462 484 3497 nos
505 3445 666 3507 fefellisset,
685 3445 876 3509 decrevimus,
891 3447 963 3512 qued
980 3445 1031 3498 ille
1048 3447 1097 3509 ait,
1114 3442 1192 3499 sedec>
1208 3443 1256 3498 sul
1271 3439 1412 3514 ἀγρυπνίᾳ

192 3529 341 3580 superare,
372 3514 446 3580 quod
466 3512 573 3580 alioqui
596 3513 676 3564 nulla
697 3519 812 3566 externa
833 3529 886 3579 ope
903 3521 1015 3580 peterat
1034 3513 1136 3566 evinci.
1172 3499 1342 3567 subederati
1364 3529 1413 3562 eu·

191 3597 255 3633 mus
270 3581 377 3632 autoris
395 3581 544 3646 genuinam
562 3579 711 3632 dictionem
732 3588 816 3647 atque
834 3579 921 3634 tetius
936 3581 1072 3634 orationis
1096 3582 1182 3633 telam
1199 3581 1287 3634 semel
1305 3597 1339 3632 ac
1358 3579 1413 3630 ite-

191 3664 253 3699 rum
273 3647 518 3713 percurrimus
554 3645 703 3715 coepimus
722 3648 843 3715 primum
861 3649 1013 3702 immensos
1028 3650 1097 3701 illos
1118 3651 1199 3701 lacus
1219 3647 1413 3701 Graecanicae

191 3713 346 3780 farraginis
368 3715 445 3766 velut
467 3713 602 3780 appositis
624 3715 792 3782 quibusdam
814 3716 1042 3770 incrustamentis
1069 3718 1194 3787 opplere.
1242 3717 1323 3783 Quod
1347 3732 1412 3766 cum

192 3781 385 3843 nonomine,
404 3786 434 3832 ut
450 3779 608 3846 speiamus,
627 3783 782 3836 infeliciter
800 3784 897 3847 cessit,
917 3785 1049 3837 collibuit
1065 3791 1094 3836 et
1110 3791 1204 3837 cetera
1222 3801 1293 3850 quae
1313 3783 1413 3834 limum

191 3848 389 3916 exspectabant
406 3854 501 3900 nostro
522 3849 656 3914 penicillo
673 3852 829 3918 ¹explorare
850 3868 883 3904 ac
906 3852 1131 3920 qualemqualem
1152 3851 1272 3904 nitorem
1292 3849 1414 3907 reddere

190 3917 283 3969 autori
305 3916 362 3970 iam
384 3915 481 3968 multis
504 3917 608 3969 seculis
630 3918 761 3985 neglecte
783 3925 812 3970 et
836 3936 907 3986 pene
928 3921 1060 3973 extincto.
1159 3919 1292 3987 begimus
1315 3918 1412 3983 itaque

189 3985 327 4038 dtbeaaei
347 3983 435 4036 libres
453 3985 487 4036 de
501 3985 597 4037 coenis
614 3985 758 4038 doctorum
775 3986 934 4039 hommum:
1018 3989 1060 4040 Ea
1077 3985 1163 4039 lectio
1181 3992 1222 4039 tot
1237 3987 1413 4038 Graecorum

188 4059 318 4106 autorum
340 4053 503 4120 praeclaras
527 4053 682 4105 sententias
704 4053 785 4104 nobis
811 4053 938 4119 suffecit,
965 4062 997 4107 nt
1019 4072 1103 4124 super
1125 4053 1223 4108 decem
1244 4055 1360 4107 lacunas
1384 4059 1414 4106 et

189 4137 238 4175 eas
259 4119 371 4188 quidem
394 4125 490 4174 rustes
513 4125 542 4172 et
561 4119 702 4187 spatiosas
726 4121 958 4174 obstruxerimus.
994 4122 1096 4174 Decem
1119 4121 1210 4189 igitur
1232 4121 1367 4174 monstris
1383 4127 1415 4174 et

189 4188 362 4255 etamplius
383 4187 521 4256 iugulatis
539 4204 636 4239 rursus
655 4186 706 4238 tibi
721 4187 893 4241 Macrobium
913 4188 1064 4255 tradimus,
1091 4190 1183 4243 lector
1201 4189 1413 4253 candidissime,

189 4261 220 4308 ut
237 4259 327 4308 multo
349 4255 579 4322 locupletiorem,
605 4254 644 4306 its
662 4255 748 4321 paulo
765 4257 1007 4324 cssugsttorsmf‘
1025 4285 1059 4298 --
1077 4259 1195 4310 Videtur
1210 4265 1305 4310 autem
1324 4257 1413 4308 Vesa-

186 4322 287 4376 liensis
304 4324 439 4376 habuisse
455 4321 725 4376 Commentariorum
745 4323 870 4377 codicem
888 4343 940 4378 ms.
956 4324 1015 4392 qui,
1036 4330 1067 4377 ut
1085 4341 1164 4377 meus
1188 4324 1220 4389 C,
1239 4323 1414 4378 continuerit

186 4390 237 4442 lib.
256 4391 360 4458 l.·cap.
382 4395 422 4444 14.
441 4391 454 4456 b
473 4395 515 4442 21.
543 4395 572 4442 et
598 4407 669 4458 quae
696 4398 851 4458 sequuntur
876 4393 1018 4460 usquead
1040 4393 1089 4444 lib.
1114 4392 1150 4444 ll.
1176 4410 1239 4460 cup.
1264 4397 1290 4445 9.
1316 4392 1412 4444 finem.

186 4457 255 4512 Num
273 4458 327 4511 hoe
344 4459 415 4521 loce,
432 4463 464 4510 ut
482 4459 511 4510 iu
529 4459 591 4510 cod.
605 4456 637 4522 C,
655 4459 790 4528 leguntur
809 4462 911 4526 nerbas
929 4469 958 4515 ut
975 4469 1112 4513 cantentur
1126 4462 1219 4529 petisse
1236 4461 1412 4514 emacimtiee

183 4529 304 4594 praemio
326 4526 443 4592 glorium
460 4543 512 4578 oen
536 4527 668 4594 requirat,
701 4543 798 4596 ecsp.
816 4546 874 4595 seq.
894 4529 909 4595 5
926 4532 953 4580 2.
979 4527 1035 4584 laus
1053 4530 1206 4593 manslata,
1235 4528 1264 4582 id
1284 4529 1358 4595 qaod
1381 4528 1410 4580 in

186 4595 266 4646 nulls
283 4591 436 4644 editionum
453 4592 578 4659 priorum
596 4591 732 4646 invenias.
