2950 4992
1109 84 1114 88 ’
1185 67 1459 135 CAPUT
1502 69 1580 134 11.
2495 91 2613 134 xxv

148 257 314 294 anno
349 245 479 308 post
512 239 616 293 Ch.
657 256 710 291 n.
759 237 1022 292 00οΧ01
1076 255 1201 291 cum
1249 238 1494 292 Tatiano
1538 238 1736 309 gessit.
1808 239 2009 293 Comes
2057 244 2351 308 praeterea
2396 239 2617 294 ordinis

147 327 327 380 tertii
377 327 436 378 in
482 325 714 392 antiqua
763 324 1134 392 inscriptione
1179 329 1559 391 nuncupatur:
1613 332 1669 378 et
1708 325 2077 393 amplissimis
2121 325 2502 393 legationibus
2549 343 2618 378 ex

151 417 403 463 senatus
443 413 665 464 decreto
715 412 785 463 ad
831 412 1212 477 Imperatores
1255 409 1480 462 functus
1524 415 1627 463 est.
1694 411 1946 479 Denique
1990 418 2047 464 et
2088 411 2441 465 ethnicorum
2485 411 2620 462 deo-

152 513 316 561 rum,
352 513 488 566 erga
530 513 673 566 quos
711 495 1117 563 superstitione
1153 493 1480 546 incredibili
1516 511 1737 563 semper
1768 494 2052 562 flagravit,
2088 496 2406 563 pontificem
2440 496 2619 550 maio-

154 597 290 632 rem
328 582 475 650 egit=
531 588 589 634 et
627 580 869 634 Romani
918 587 1147 632 senatus
1190 580 1313 633 siue
1353 578 1737 632 controversia
1777 580 2036 647 princeps
2082 582 2176 633 diu
2222 582 2455 634 habitus
2508 587 2612 634 est.

149 666 252 718 Ita
289 676 479 719 autem
517 666 615 719 diu
650 666 823 730 vixit,
874 671 936 716 ut
971 665 1217 734 plurium
1254 666 1663 734 imperatorum
1699 665 1984 718 aetatibus
2021 666 2331 732 implicitus
2366 669 2469 734 sit,
2520 667 2619 720 diu

154 751 341 803 etiam
378 754 733 818 multumque
767 751 825 802 in
863 751 1049 804 causis
1084 757 1356 805 versatus.
1425 752 1499 803 Et
1542 749 1848 818 postremis
1892 750 2119 818 quidem
2158 750 2470 806 Constantii
2513 753 2619 806 im-

151 837 426 904 perantis
470 838 634 890 aunis
683 837 919 905 egregia
961 838 1030 889 ad
1078 836 1450 904 eloquentiam
1500 836 1722 888 indoles
1767 835 1824 887 in
1873 836 2237 888 adolescente
2280 837 2621 905 Symmacho

150 922 283 974 iam
320 923 662 976 virescebat.
731 923 938 975 Lucius
973 922 1121 974 enim
1158 922 1427 976 Avianius
1461 921 1837 990 Symmachus
1878 926 2042 989 pater
2074 922 2431 974 Antiochiam
2470 922 2623 974 cirea

151 1007 222 1060 id
277 1016 504 1074 tempus
552 1009 774 1078 legatus
818 1010 887 1060 ad
935 1000 1321 1062 Constantium
1367 1009 1652 1076 profectus
1696 1008 1873 1061 multa
1920 1008 1989 1059 de
2033 1006 2141 1059 filii
2185 1008 2485 1075 praeclara
2524 1025 2621 1061 ex-

155 1093 526 1158 spectatione
570 1111 693 1145 eum
740 1093 976 1146 Libanio
1021 1101 1110 1147 est
1157 1096 1489 1148 collocutus.
1557 1093 1639 1144 Ab
1686 1091 1829 1144 inito
1869 1098 2056 1145 autem
2095 1093 2475 1148 Valentiniani
2514 1094 2620 1147 Se-

157 1175 356 1228 nioris
389 1177 623 1246 imperio
655 1178 898 1246 adusque
931 1178 1234 1234 Arcadium
1268 1177 1695 1244 Honoriumque
1727 1176 2010 1246 Augustos
2042 1196 2166 1230 eum
2210 1179 2432 1250 ingenti
2469 1197 2620 1232 sem-

157 1279 272 1329 per
318 1262 485 1315 laude
530 1266 712 1316 forum
759 1264 1086 1332 curiamque
1126 1263 1526 1333 frequentavit.
1593 1262 1749 1314 Anno
1799 1269 1953 1314 certe
2000 1270 2128 1330 post
2172 1263 2275 1317 ch.
2316 1282 2368 1316 u.
2409 1264 2620 1317 00010

159 1347 356 1400 adhuc
391 1350 618 1403 vivebat
651 1351 1052 1419 Symmachus,
1099 1350 1362 1419 quoniam
1393 1348 1641 1417 epistola
1675 1346 1809 1399 libri
1841 1347 2021 1415 quinti
2054 1348 2272 1401 decima
2302 1352 2623 1418 gratuletur

159 1433 474 1488 Theodoro
523 1439 788 1506 adeptum
839 1438 1226 1502 consulatum,
1288 1451 1455 1502 quem
1504 1433 1603 1484 hie
1649 1449 1716 1485 eo
1753 1448 1898 1485 anno
1948 1434 2149 1501 gessit.
2219 1434 2622 1502 Symmachum

154 1536 274 1572 non
322 1523 639 1575 excessisse
685 1523 907 1576 Christi
952 1539 1161 1575 annum
1212 1517 1469 1570 cccclv
1526 1519 1795 1569 censebat
1838 1518 2081 1570 Iacobus
2127 1519 2510 1575 Gothofredus
2564 1522 2621 1575 iu

158 1605 291 1658 eius
342 1609 480 1660 vita.
551 1610 662 1661 Sed
713 1609 864 1660 enim
917 1609 1028 1659 hoc
1072 1606 1270 1658 eodem
1311 1621 1457 1657 auno
1506 1602 1896 1656 concinnatum
1946 1621 2073 1656 esse
2117 1622 2311 1672 poema
2352 1608 2623 1662 adversus

159 1690 580 1759 Symmachum
624 1710 659 1747 a
694 1692 1007 1746 Prudentio
1044 1689 1410 1759 proximoque
1457 1705 1603 1742 auno
1639 1688 1848 1740 editum
1887 1689 2176 1743 existimat
2209 1706 2447 1761 magnus
2485 1694 2621 1747 Are-

165 1779 337 1828 valus
381 1779 438 1829 in
489 1778 892 1831 Prudentianis
942 1776 1032 1843 (Ν.
1073 1777 1185 1843 54).
1254 1777 1436 1843 Quum
1484 1780 1673 1827 autem
1715 1775 1986 1826 adversus
2038 1775 2312 1830 viventem
2361 1777 2620 1847 Symma-

166 1861 346 1914 chum
382 1863 726 1916 Prudentius
771 1863 1092 1931 scripserit,
1149 1862 1429 1929 sequitur‚
1486 1865 1549 1913 ut
1584 1860 1914 1929 Symmachi
1948 1859 2066 1913 vita
2102 1863 2273 1929 paulo
2317 1865 2467 1918 ultra
2504 1866 2617 1920 Go-

166 1946 428 1999 thofredi
475 1950 809 2002 sententiam
849 1948 1190 2002 extendenda
1227 1964 1353 1998 esse
1387 1946 1663 1999 videatur·
1734 1946 1913 1999 Immo
1958 1963 2127 2014 quum
2163 1948 2427 2017 superius
2462 1951 2618 2005 dixe-

160 2029 347 2082 rimus
392 2032 796 2099 Symmachum
831 2035 996 2102 plane
1034 2034 1446 2086 adolescentem
1482 2033 1661 2085 fuisse
1695 2032 1964 2085 extremis
1992 2033 2308 2088 Constantii
2351 2037 2619 2105 tempori-

163 2116 292 2184 bus,
332 2116 384 2168 ἰιΙ
424 2128 512 2168 cst
548 2120 701 2172 circa
737 2140 937 2172 anunm
973 2118 1244 2183 GGCLX„
1278 2119 1404 2187 ipse
1441 2125 1626 2173 autem
1660 2118 2041 2187 Symmachus
2074 2118 2130 2170 in
2164 2128 2366 2175 octava
2401 2124 2622 2178 decima

166 2202 412 2269 epistola
448 2208 580 2256 libri
620 2208 801 2272 quarti
841 2224 897 2256 so.
941 2208 993 2256 in
1033 2205 1251 2257 senium
1290 2221 1530 2274 vergere
1568 2211 1787 2256 narrete
1850 2199 2128 2270 „Tantum
2166 2207 2338 2272 abest,
2400 2217 2460 2261 ut
2492 2211 2622 2262 haee

166 2289 324 2340 annis
368 2292 416 2340 in
468 2292 660 2340 senium
709 2292 1049 2360 vergentibus
1096 2292 1282 2357 velim,
1351 2291 1645 2344 Candidior
1676 2297 1958 2358 postquam
1996 2291 2239 2343 tondenti
2268 2292 2432 2345 barba
2462 2296 2657 2346 cade-·

166 2374 328 2440 bat‚“
392 2384 680 2444 stuperesffi
741 2388 797 2424 ut
845 2396 949 2424 nnn
993 2375 1274 2426 immerito
1308 2374 1695 2442 suspicemur,
1759 2379 2043 2425 oratorem
2080 2381 2333 2428 nostrum
2370 2378 2621 2445 adusque

169 2458 388 2512 Christi
428 2480 632 2512 annum
676 2464 901 2512 nimiter
941 2459 1171 2510 {Jsssscx
1200 2460 1376 2513 vitam
1412 2458 1677 2511 fortassis
1714 2457 2109 2525 produxisse.“

308 2548 620 2596 Sublicium
660 2564 801 2612 quae
841 2548 905 2592 :ln
945 2564 1009 2596 [tn
1049 2545 1320 2597 iudicavit
1348 2542 1610 2611 Heynius
1645 2543 1686 2594 1.
1727 2559 1773 2594 c.
1810 2559 1862 2609 p.
1906 2547 1971 2593 15
2002 2559 2085 2610 sq.

312 2632 680 2696 „Senatui-mn
721 2632 1138 2696 gratissimum,
1175 2629 1574 2696 magistratum
1609 2627 2059 2696 sanctissimum,
2095 2628 2275 2681 civem
2311 2631 2379 2684 td
2420 2632 2623 2689 bonum

169 2732 468 2766 commune
496 2724 688 2764 natum
725 2724 873 2764 rents
913 2716 1148 2779 diceres,
1182 2715 1458 2766 vocabulo
1495 2713 1623 2766 istis
1661 2714 2003 2782 temporibus
2044 2715 2422 2781 frequentato:
2461 2720 2621 2775 cuius

170 2798 584 2864 integritm·.fflu¹¹
624 2800 977 2868 prnhitatmnss
1021 2798 1380 2851 constantiam
1419 2817 1547 2850 cum
1578 2798 1894 2867 prudentia,
1934 2799 2130 2852 multis
2165 2799 2219 2852 in
2255 2801 2397 2854 loeis
2437 2807 2620 2860 admi-

172 2900 398 2936 ramurz
467 2883 636 2934 facile
673 2884 819 2936 enim
853 2883 1101 2952 intelligi
1139 2888 1354 2951 potest,
1412 2902 1581 2954 quam
1616 2885 1900 2938 lubricum
1937 2900 2001 2938 ac
2046 2885 2425 2952 periculosum
2470 2898 2622 2945 esset

171 2969 325 3020 inter
362 2973 702 3036 temporum,
759 2968 1153 3023 dominationis
1189 2974 1247 3023 et
1288 2971 1452 3023 aulae
1486 2972 1837 3038 corruptelas
1875 2987 2103 3023 servare
2142 2979 2373 3025 rectum.
2443 2976 2623 3031 Sena-

172 3055 807 3108 toriamsauctoritatem
848 3060 905 3107 et
941 3055 1277 3122 dignitatem
1317 3055 1494 3108 tuitus
1529 3060 1617 3108 est
1653 3055 1918 3125 egregi03
1980 3056 2036 3108 in
2071 3056 2180 3107 hoc
2224 3058 2374 3111 enim
2424 3061 2621 3114 ordine

175 3140 436 3207 quicquid
491 3147 788 3209 supererat
835 3128 1035 3194 auxilii
1081 3143 1353 3193 adversus
1410 3141 1811 3195 dominationis
1870 3141 2135 3194 iniuriam
2193 3149 2250 3196 et
2303 3144 2620 3212 libidinem,

178 3227 597 3292 continebatur3
664 3228 857 3294 itaque
911 3233 1166 3280 senatum
1228 3229 1486 3295 appellat
1536 3236 1744 3295 partem
1808 3229 2028 3280 hnmani
2080 3231 2297 3298 generis
2354 3232 2619 3283 meliorem

177 3313 340 3379 (Epp.
388 3313 434 3378 1,
468 3316 554 3364 52.
593 3313 668 3364 al.
703 3313 833 3374 46.).
907 3313 1068 3380 Quod
1102 3313 1433 3381 superstitio
1470 3315 1658 3367 auimo
1694 3313 1818 3365 eius
1860 3319 1973 3365 tam
2013 3313 2132 3364 alte
2167 3313 2487 3379 insederat,
2526 3331 2624 3366 ex-

178 3398 482 3450 cusandum
529 3404 652 3450 erat
697 3399 756 3450 iu
800 3398 919 3453 viro
965 3398 1276 3467 patriarum
1320 3398 1513 3468 legum
1550 3407 1606 3452 et
1641 3399 2025 3452 institutorum
2063 3398 2489 3450 servantissimo
2528 3414 2623 3450 eo-

178 3484 412 3550 demque
457 3484 728 3537 Pontifice
773 3483 1035 3536 maximo.
1106 3483 1281 3536 Venia
1321 3484 1470 3536 euim
1506 3485 1741 3539 debetur
1776 3484 1863 3547 ei,
1919 3483 2017 3549 qui
2057 3482 2126 3534 ἃᾶ
2166 3481 2333 3534 fidem
2374 3499 2531 3536 suam
2567 3489 2625 3536 et

177 3568 509 3638 religionem
563 3569 734 3622 refert
787 3569 1004 3637 antiqui
1056 3569 1306 3622 instituti
1356 3571 1750 3624 anctoritatem
1804 3576 1862 3622 et
1919 3568 2307 3635 sanctitatem,
2364 3570 2415 3623 si
2469 3569 2625 3625 videt

176 3671 336 3718 nova,
370 3655 475 3706 etsi
510 3655 656 3707 forte
692 3673 793 3722 per
828 3673 890 3708 se
929 3659 1092 3723 bona,
1129 3657 1375 3710 meliora
1401 3673 1641 3724 quoque,
1675 3673 1781 3709 uon
1822 3655 1983 3709 bonis
2017 3655 2236 3710 artibus
2273 3661 2330 3710 et
2364 3657 2624 3710 consiliis

178 3740 376 3792 inferri
414 3747 472 3792 et
507 3741 790 3793 obtrudi.“
1376 3742 1381 3746 ’

309 3826 739 3894 Inscriptionem
787 3829 857 3880 ad
904 3827 1493 3896 huuc.Symmachum
1530 3827 1902 3895 pertinentem
1945 3845 1976 3881 e
2024 3827 2235 3881 scheda
2266 3825 2625 3879 Scriveriana

181 3912 425 3980 prodidit
450 3912 525 3965 Is.
553 3913 840 3967 Pontauus
873 3914 931 3966 in
965 3913 1217 3966 auctario
1243 3919 1513 3975 notarum
1542 3914 1631 3965 ed.
1664 3914 1739 3966 11.
1778 3915 1848 3967 ad
1887 3913 2175 3968 Saturnal.
2216 3911 2277 3964 V.
2313 3916 2360 3963 1.
2402 3912 2487 3975 ¹²)
2558 3909 2623 3960 lu

317 4157 405 4218 1Ψ)
440 4145 743 4220 Inscriptio
784 4173 948 4222 quam
982 4175 1159 4227 nuper
1193 4159 1332 4212 adeo
1364 4159 1422 4211 iu
1458 4162 1648 4210 monte
1680 4157 1875 4210 Caelio
1914 4155 2179 4207 effossam
2217 4149 2359 4204 dixit
2392 4150 2623 4217 Romae,

183 4228 318 4280 haec
356 4230 471 4276 est=
541 4223 925 4292 EUSEBJI.Q.
961 4226 1281 4280 AURELIO
1331 4227 1746 4280 SYMMACHO
1792 4222 1852 4274 V.
1889 4223 1957 4273 C.
2008 4217 2316 4287 QUAEST.
2357 4219 2621 4273 PRAET-

181 4291 555 4349 PONTIFICI
607 4291 873 4344 MAIOR!
912 4333 924 4346 .
963 4294 1445 4347 CORRECTORI
1503 4291 1863 4345 LUCANIAE
1916 4286 2018 4339 ΕΤ
2067 4283 2573 4346 BRUTTIORUM
2610 4325 2626 4341 0

171 4362 333 4428 BOS.
369 4359 640 4413 ΟΟΜῙΤῙ
676 4359 974 4414 ORDINIS
1008 4361 1275 4415 ΤΕΒΤῙῙ
1311 4398 1326 4413 .
1363 4359 1719 4414 PROCONS.
1754 4354 2068 4409 AFRICAE
2102 4389 2117 4404 .
2159 4353 2408 4408 PRAEF.
2452 4357 2623 4410 URB-

187 4426 589 4484 ORDINARIO
618 4463 634 4479 ο
672 4428 1008 4498 ΟΒΑΤΟΒῙ
1073 4425 1605 4483 DISERTISSIMO
1657 4426 1725 4493 Q.
1794 4423 1954 4476 FAB.
2018 4422 2268 4477 ΜΕΜΜ.
2333 4425 2623 4480 SYMMA-

188 4497 374 4552 CHUS
422 4496 482 4548 V.
518 4495 579 4548 C.
621 4496 848 4550 PATRI
887 4496 1202 4553 OPTIMO·
