2950 4992
214 143 277 210 102
699 139 908 208 Mauuouu

214 320 318 380 autem
340 331 482 380 oceasum
508 311 604 395 magis
628 310 695 376 eius
716 331 809 396 quam
837 318 939 376 ortum
965 311 1114 395 elegimus
1140 310 1389 398 proponendum,

149 422 153 433 ’
216 397 289 484 quia
309 396 396 481 signa
417 396 586 481 posteriora
607 405 679 496 post
699 416 841 462 occasum
868 396 1025 462 videntur:
1067 403 1113 473 et,
1150 396 1225 460 dum
1253 396 1390 462 adhaec

261 504 298 547 ae
318 481 383 546 sole
405 489 563 566 mergente
586 481 681 546 uderi
704 482 805 547 solent
826 483 922 547 solem
943 481 1043 546 redire
1069 489 1294 560 monstramus,
1322 483 1389 548 sine

150 595 154 602 ·
238 568 313 633 ubio
345 587 418 631 eum
448 569 604 631 contrario
637 575 725 632 motu
759 567 916 645 recedere,
954 587 1046 652 quam
1079 567 1198 632 eaelum
1236 576 1388 645 moretur,

166 651 416 728 lllostendimus.
471 654 555 716 llaec
583 660 685 717 autem
715 673 795 738 quae
819 653 856 717 de
881 653 945 718 sole
967 673 1002 716 ac
1030 651 1102 716 luna
1130 652 1264 717 diximus
1294 653 1387 718 etiam

165 739 356 838 [ailquinque
378 736 535 802 stellarum
558 757 712 802 recessum
742 738 901 822 adsignare
928 737 1094 802 sufficient:
1134 737 1199 824 pari
1227 738 1310 801 enim
1341 759 1389 802 ra·

216 833 301 889 trono
327 823 358 920 in
381 822 553 908 posteriora
575 823 661 906 signa
683 823 844 908 migrando
863 844 985 909 semper
1007 822 1180 887 mundanae
1200 822 1388 888 volubilitati

216 918 370 975 contraria
395 907 567 971 recessione
588 918 758 973 versantur.

303 992 392 1056 XlX.
433 992 490 1056 His
522 991 651 1056 adsertis
685 993 724 1057 de
758 993 957 1078 sphaerarum
993 991 1101 1058 ordine
1132 1012 1227 1079 pauca
1259 991 1389 1058 dicanda

219 1084 307 1144 sunt:
345 1075 376 1140 in
400 1097 462 1162 quo
484 1076 647 1142 dissentire
667 1099 684 1142 a
704 1078 834 1143 Platone
854 1078 962 1144 Cicero
987 1078 1082 1143 rideri
1105 1086 1221 1162 potest,
1247 1098 1315 1142 cum
1338 1077 1390 1143 hic

220 1163 293 1228 solis
314 1161 475 1246 sphaeram
497 1170 638 1246 quartam
660 1163 699 1228 de
721 1171 856 1248 septem,
878 1163 907 1228 id
932 1171 979 1228 est
999 1163 1029 1227 in
1054 1163 1156 1228 medic
1178 1163 1322 1240 locatam,
1343 1163 1390 1227 di·

222 1255 279 1325 cat,
301 1245 390 1311 Plato
409 1266 427 1310 a
447 1246 520 1311 luna
539 1268 661 1312 sursum
683 1249 859 1326 secundam,
883 1249 942 1313 hoc
961 1258 1008 1313 est
1026 1249 1107 1312 inter
1126 1257 1244 1347 septem
1266 1269 1285 1312 a
1308 1269 1391 1312 sum·

190 1333 275 1398 imo
303 1331 404 1396 locum
432 1340 554 1397 sextum
575 1341 697 1411 tenere,
736 1343 967 1399 commemoret.
1028 1333 1168 1399 Ciceroni
1190 1333 1391 1398 Archimedes

222 1427 255 1482 et
277 1416 501 1482 Chaldaeorum
523 1417 601 1482 ratio
625 1421 792 1497 consentit,
831 1420 919 1485 Plato
939 1420 1105 1505 Aegyptios
1127 1419 1266 1484 omnium
1294 1419 1393 1505 philo·

223 1501 349 1588 sophiae
370 1501 599 1588 disciplinarum
622 1513 767 1590 parentes
794 1512 917 1570 secutus
937 1514 999 1582 est,
1041 1505 1094 1590 qui
1122 1505 1164 1568 ita
1187 1505 1282 1568 solem
1311 1504 1394 1568 inter

222 1588 327 1653 lunam
347 1593 381 1652 et
400 1589 591 1654 Mercurium
614 1590 747 1656 locatum
770 1591 894 1670 volunt,
928 1599 964 1656 ut
985 1590 1136 1655 rationem
1159 1598 1261 1654 tamen
1286 1597 1319 1654 et
1339 1589 1394 1654 de·

289 1807 359 1860 hias.
378 1784 619 1872 GFSthGilnaJ

328 1896 370 1943 18.
406 1911 525 1946 occasura
542 1897 648 1947 maias
664 1896 721 1947 eins
740 1895 770 1950 S.
809 1898 899 1968 magis
916 1913 1035 1950 oceasum
1053 1897 1109 1949 eius
1130 1895 1161 1948 F.
1202 1913 1322 1949 occasum
1339 1895 1396 1950 sias

222 1961 312 2028 sangis
338 1961 388 2013 m.
416 1989 450 2000 -
478 1963 608 2032 elegimus
635 1963 755 2018 suadet
783 1965 908 2032 „drrgl.“
961 1966 1096 2034 eligimus
1123 1963 1332 2016 CFth-hBaa.
1365 1991 1393 2002 -

222 2043 300 2097 prae
323 2027 453 2080 onendarn
470 2030 522 2081 111.
561 2044 568 2054 ·
677 2036 717 2083 19.
754 2041 782 2086 et
798 2035 863 2084 luna
881 2031 1073 2082 EddBare—
1096 2035 1242 2097 sufficiant
1256 2032 1307 2083 111.

319 2095 365 2147 111.
417 2098 503 2165 Caput
525 2099 600 2150 xlx.
643 2100 725 2164 Quem
752 2102 841 2153 Cicero
867 2107 891 2150 et
914 2117 989 2166 anem
1013 2100 1091 2152 Piala
1113 2100 1164 2149 aeli
1185 2100 1255 2150 inter
1277 2106 1397 2152 errantes

223 2163 314 2216 stellas
331 2165 529 2282 assipnaasrint
546 2167 752 2236 (assignaverit
770 2169 820 2232 ch)
838 2167 968 2218 ordinem.-
984 2183 1031 2216 aar
1048 2167 1112 2216 luna
1133 2167 1220 2216 lamen
1240 2184 1317 2218 suam
1335 2184 1397 2218 rnn-

224 2239 313 2285 taetur
328 2249 346 2282 a
362 2249 431 2294 soe,
455 2234 662 2302 superluceat,
685 2245 714 2288 at
732 2244 819 2286 temen
836 2252 888 2284 non
906 2233 1055 2298 calefaciat.
1087 2233 1194 2296 dehine,
1220 2251 1267 2282 carr
1286 2233 1325 2282 sol
1342 2251 1398 2282 non

224 2301 353 2361 absolute,
368 2301 414 2351 sed
425 2303 487 2366 sere
502 2303 605 2353 medius
621 2303 690 2354 inter
704 2305 827 2371 planetas
843 2319 898 2353 esse
914 2302 1027 2351 dicatur.
1047 2303 1117 2351 unde
1134 2301 1262 2351 sideribus
1277 2301 1398 2361 nomina,

225 2375 251 2422 st
269 2384 315 2420 eur
329 2369 466 2420 stellarum
484 2373 628 2422 errantium
648 2372 865 2422 aliaeadeersae
882 2369 1038 2434 enitimini,
1057 2369 1129 2419 eliae
1146 2383 1295 2434 prosperae.
1314 2365 1397 2418 eh-b.

328 2439 352 2488 l.
388 2453 447 2488 enm
462 2438 509 2490 lais
523 2455 551 2506 g.
570 2463 603 2476 --
623 2437 710 2506 Plato]
727 2438 802 2490 Tim.
821 2455 847 2504 p.
864 2441 901 2488 38
917 2437 1014 2502 Steplr.
1032 2463 1063 2474 -
1081 2452 1185 2488 sarsum
1200 2435 1247 2486 hoc
1264 2442 1301 2488 est
1318 2439 1398 2501 (sup.

226 2503 290 2557 aad.
308 2521 331 2557 ε.
348 2521 450 2572 speram
465 2508 620 2567 secundnm)
638 2506 670 2557 C.
824 2509 850 2555 2.
886 2506 960 2557 archi
966 2505 1093 2556 clamides
1112 2503 1143 2554 F.
1180 2503 1398 2555 Archimenides

225 2573 301 2624 vich.
318 2600 354 2615 -·
370 2581 400 2624 at
417 2577 545 2626 rationem
562 2583 650 2627 tamen
665 2583 690 2627 et
705 2573 923 2643 deprehenderint
941 2571 1123 2624 cristianum
1144 2569 1400 2636 ‚,antiquissimus“

227 2641 314 2693 Gran.
347 2648 377 2694 ut
393 2644 501 2695 ratione
522 2651 610 2695 tamen
630 2651 655 2701 et
674 2644 747 2712 depr.
768 2641 840 2694 Bna.
879 2650 909 2694 at
927 2642 1054 2694 rationem
1071 2647 1159 2692 tamen
1177 2641 1250 2708 depr.
1268 2644 1340 2699 (orn.
1360 2641 1400 2696 ct)

264 2847 306 2893 18.
340 2843 430 2908 magis
513 2844 652 2914 elegimus]
678 2843 789 2896 Graece
840 2844 890 2896 aa
912 2847 1044 2896 attractio
1069 2841 1204 2910 quaedam
1227 2840 1262 2894 ad
1288 2841 1401 2892 anteco·

227 2910 330 2978 psillos·
342 2907 482 2975 εἱλόμεθα.
505 2912 694 2964 Praeteritum
708 2930 790 2980 prae·
842 2914 910 2966 dens
930 2920 1063 2981 quartam.

227 2980 292 3042 tali,
308 2979 375 3045 quia
393 2979 429 3030 ad
446 2982 640 3034 antecedentia
657 2982 728 3033 haec
745 2998 790 3032 re·
873 3016 899 3064 ,Ι
935 3009 1114 3076 Archimedes]
1133 3009 1233 3076 „Quae
1249 3005 1297 3057 Me
1311 3010 1340 3056 οἱ
1356 3005 1401 3056 pn,

229 3047 368 3099 frrurllf·
841 3081 883 3132 n.
902 3079 943 3142 u,
966 3085 982 3130 s
1002 3079 1027 3145 [a
1049 3079 1100 3144 ra]
1119 3079 1153 3128 oe
1172 3075 1279 3127 retrone
1300 3072 1403 3122 arcar-

236 3150 307 3199 .19.
343 3148 789 3218 Haec...etiamquinpuertel·
840 3147 930 3199 inedie
949 3149 1105 3209 traduntur,
1123 3146 1251 3196 videntur·
1267 3140 1355 3191 irrisae
1370 3139 1403 3190 in

230 3216 317 3266 laram
335 3232 463 3267 recessum
481 3218 629 3285 adsignare
645 3215 789 3284 sufficient]
840 3216 913 3267 lihro
930 3215 977 3281 qrri
997 3215 1150 3278 inscriptus
1168 3220 1210 3262 est
1226 3209 1331 3268 Coniea,
1350 3208 1401 3258 aad

230 3282 357 3335 offendit
393 3290 421 3334 et
454 3283 608 3336 inlinitirus
643 3287 792 3353 adsignare
842 3283 935 3352 periit.
972 3283 1031 3333 virt.
1059 3281 1170 3332 Falerio.
1195 3278 1270 3330 Bihl.
1300 3276 1403 3328 Graec.

229 3369 280 3420 pro
303 3352 439 3420 gerundio
462 3354 498 3403 nd
515 3355 716 3422 adsignandum
742 3369 791 3418 po·
843 3353 893 3402 lib.
913 3349 970 3412 Ill,
993 3351 1055 3400 22⁴⁴
1087 3350 1170 3400 Znura.
1191 3372 1225 3386 -
1246 3344 1405 3395 consense-

230 3421 313 3484 situs,
332 3427 362 3472 ut
379 3420 451 3487 apud
472 3421 546 3490 virg.
567 3423 633 3472 den.
652 3422 682 3483 V,
697 3424 729 3470 21
750 3437 790 3486 aq.
844 3425 907 3470 runt
941 3425 1088 3484 praeterea
1120 3413 1256 3467 Geminae
1300 3412 1404 3472 (Elem.

233 3489 288 3540 Nec
314 3506 363 3539 nos
392 3490 499 3540 obniti
528 3498 619 3541 contra
646 3506 693 3540 nee
721 3497 791 3540 ten·
843 3489 992 3539 Astreus.
1016 3489 1071 3549 1.),
1096 3483 1259 3534 cleomedes
1280 3480 1361 3540 (ltlet.
1379 3477 1404 3540 l,

230 3556 306 3605 dere
334 3563 439 3607 tantane
468 3557 682 3620 Snssicimas.
723 3557 793 3606 Ver·
842 3558 892 3620 a),
912 3554 1092 3604 Ptolemaeus
1111 3553 1235 3616 (dirrrng.
1253 3551 1344 3610 9,1.),
1365 3552 1405 3610 et,

230 3621 297 3672 barn
320 3624 470 3690 adsignare
492 3631 656 3689 usurpatum
674 3641 725 3690 pro
744 3624 792 3674 de·
844 3630 874 3672 ut
892 3622 1017 3673 referunt
1041 3619 1114 3671 Plin.
1132 3617 1165 3670 N.
1185 3617 1218 3666 11.
1244 3615 1287 3678 ll,
1309 3617 1359 3676 22,
1381 3630 1406 3664 ι.

230 3694 386 3750 monstrare,
406 3691 460 3753 vel,
478 3697 509 3740 ut
526 3691 622 3744 dicere
640 3694 713 3743 solet
729 3691 793 3742 Ma·
842 3694 885 3740 20.
908 3701 936 3740 ει
955 3689 1097 3739 Censorio.
1120 3689 1154 3738 do
1177 3685 1222 3736 die
1240 3691 1295 3734 nat.
1319 3699 1343 3734 c.
1361 3684 1406 3744 13,

232 3754 359 3818 crebius,
378 3756 509 3815 adserere.
546 3758 607 3809 Vid.
627 3766 683 3810 not.
703 3759 792 3810 Gran.
843 3758 908 3824 §3.,
928 3757 1106 3824 Pythagoras
1125 3768 1242 3820 quoque.
1278 3747 1407 3802 Cidar-

233 3823 268 3874 ad
286 3839 310 3872 ε.
323 3821 381 3887 Μ
401 3825 449 3885 14,
469 3829 497 3874 et
515 3825 587 3876 adde
605 3825 676 3877 loeis
693 3825 733 3876 ibi
752 3825 794 3876 ci·
844 3825 937 3892 higer.
956 3825 1066 3876 Handh.
1084 3824 1110 3874 d.
1128 3822 1178 3874 alt.
1198 3820 1302 3887 Geogr.
1324 3816 1352 3881 l,
1377 3833 1408 3884 p.

234 3889 301 3942 tatis
320 3906 344 3940 r.
361 3893 410 3952 21,
433 3891 487 3956 §a
510 3891 539 3943 id
556 3893 626 3958 quod
644 3910 728 3945 sermo
746 3893 794 3946 ds·
844 3897 905 3944 620.

233 3959 339 4026 scripsit
356 3957 429 4010 visas
450 3959 619 4028 adsignet.
878 3995 947 4046 pum
967 3994 1059 4044 punam
1081 3997 1106 4043 ά
1131 3983 1302 4052 Mercurium]
1325 3983 1409 4035 Haeo

267 4055 348 4120 xla,
377 4061 401 4110 1.
436 4061 592 4125 seeundum,
617 4060 665 4112 hee
685 4067 725 4112 sst
747 4095 794 4116 ...
846 4070 889 4114 eat
906 4061 978 4112 sntio
996 4060 1223 4126 Anaxagoraeet
1241 4051 1411 4104 Eratosthe-

233 4127 318 4177 iseum
343 4134 445 4179 sessani
471 4135 572 4190 εεεεεεε,
604 4128 793 4197 commemoret]
846 4129 891 4180 nis
908 4129 983 4191 (Cat.
1000 4146 1022 4180 e.
1037 4131 1093 4187 4³.)
1111 4131 1138 4177 et
1157 4123 1310 4176 serrandum
1324 4119 1409 4171 Phot.

232 4193 312 4244 llaec
338 4194 431 4246 minus
458 4196 593 4248 concinne
618 4197 694 4248 dicta
721 4204 795 4248 sunt.
846 4197 923 4248 Bihl.
947 4196 1014 4247 God.
1036 4198 1103 4260 219,
1136 4210 1162 4260 p.
1183 4193 1257 4243 1316.
1285 4189 1410 4252 (1)·439·

233 4258 393 4313 scriberem
416 4266 580 4328 secundnm,
615 4265 640 4316 si
660 4264 735 4315 inira
755 4265 797 4315 le·
847 4263 975 4324 Belrher)
995 4263 1190 4330 Pythagorae:
1221 4256 1369 4309 achlato
1389 4255 1411 4305 l.

233 4331 349 4390 geretur
364 4339 465 4383 sextans
483 4333 577 4396 lecum,
596 4339 628 4384 ut
645 4332 686 4384 ita
705 4331 797 4398 possit
848 4349 871 4382 ε.
888 4332 969 4382 modo
989 4347 1050 4381 eum
1071 4327 1232 4396 Chrysippo
1252 4330 1280 4376 et
1298 4323 1412 4374 mathe-

234 4391 386 4456 distiagnis
421 4401 577 4463 εεεεειᾶεεε,
607 4399 655 4452 hoe
682 4407 722 4451 est
848 4396 1066 4450 maticiasolem
1084 4395 1254 4461 ponitinter
1272 4391 1413 4442 lunamet

235 4463 349 4515 mm.
380 4461 471 4519 locum.
510 4466 549 4516 Ut
570 4482 644 4524 nane
670 4469 728 4527 ost,
759 4464 795 4516 ad
847 4465 1001 4524 Venerem,
1037 4461 1133 4513 dicens
1152 4454 1296 4527 ἑωσφόρον
1315 4453 1344 4510 di
1362 4455 1413 4510 sat

235 4520 377 4574 maedan
405 4526 622 4599 intelligendum
650 4532 707 4585 erit
733 4545 797 4584 εεεε.
847 4527 898 4582 τὸν
915 4521 1016 4596 Ἑρμοῦ
1035 4523 1192 4595 λεγόμενον,
1222 4525 1306 4580 modo
1327 4539 1413 4594 prae-
