2950 4992
178 154 252 197 rcus
620 127 954 197 PROLEGOMENA.

212 309 347 355 uscturssss
368 302 422 351 cei.
444 302 484 366 (p.
507 301 657 365 itt-tes.)
683 299 786 369 reliqui
809 305 964 367 sequnntur
990 300 1097 353 indices
1120 302 1204 354 nullis
1228 303 1398 373 paginarum

212 385 338 439 numeris
357 383 472 452 signsti.
507 384 752 452 Descriptionibus
774 385 887 439 omnino
903 392 1000 439 carent
1017 386 1134 439 Pontsni
1152 388 1290 442 editiones
1311 394 1346 453 7).

179 468 454 525 GRONOVlllNA
473 472 513 538 (d,
531 476 574 535 8⁰,
591 470 662 523 iulia
678 470 762 523 xlvr
782 471 987 525 dedicationem
1007 478 1060 537 cai.
1078 478 1106 524 at
1122 472 1265 527 Somnium
1284 476 1400 543 Scipio-

211 558 256 610 nis
275 549 635 626 continentia,pagg.¹104.
656 574 788 610 versuum
807 556 942 624 lllllllll,
962 558 1032 611 iulia
1054 559 1190 611 xxtttw
1206 560 1312 613 indices
1331 579 1401 619 cun-

211 643 351 706 tinentia).
386 642 517 707 Titalus,
544 641 590 695 cui
609 658 644 693 cx
661 643 780 695 adverso
805 642 896 707 posita
915 650 959 696 est
978 645 1088 712 pictura
1106 646 1139 697 de
1159 645 1247 697 inciso
1266 662 1331 699 aare
1350 664 1402 701 ex·-

212 744 320 797 prssss,
340 728 367 780 in
385 744 441 795 qus
457 726 621 795 depingitur
638 727 778 779 somnium
796 725 938 795 Scipionis
954 738 983 782 et
1000 748 1050 798 per
1067 732 1176 783 aediurn
1196 732 1271 784 iures
1285 740 1401 799 opertas

212 813 385 882 conspicitur
402 813 559 865 convicium
575 811 811 877 saturnaliorum,
830 814 879 866 hia
894 824 953 868 est:
972 820 1047 870 Aur.
1069 818 1249 869 Theodosii
1271 818 1401 869 Macro-

211 902 257 953 bii
281 902 312 952 V.
336 900 375 951 cl,
397 906 423 951 et
440 898 560 949 inlustris
580 896 675 962 Opera.
710 898 846 950 Accedunt
868 900 954 953 Notus
970 902 1094 972 integrus
1116 904 1224 955 leucii
1247 902 1399 966 Pontiani,

213 986 280 1038 lob.
298 983 452 1045 Meursii,
473 981 584 1032 lucoii
605 980 771 1031 Granucii.
808 982 970 1052 Lugduni
988 988 1207 1054 Batavorum,
1230 988 1270 1039 Ea
1289 988 1400 1053 officina

212 1068 326 1122 Arnoldi
344 1066 445 1142 Doude,
467 1064 582 1116 Cornelii
601 1064 772 1131 Drieisupsen,
793 1070 869 1119 luto.
895 1071 958 1121 Csssn
978 1071 1134 1140 Privilegio.
1157 1072 1294 1125 lnseritur
1312 1088 1397 1139 parva

212 1153 341 1222 pictura,
370 1150 521 1216 pelccanus
539 1148 632 1215 pullos
654 1166 705 1199 suo
725 1150 864 1218 sunguine
883 1169 1000 1218 pascens
1017 1156 1167 1221 adscriptis
1185 1156 1293 1210 serbis:
1324 1154 1397 1206 Viui-

212 1254 270 1290 snus
292 1253 323 1288 ss·
341 1252 401 1286 uno.
436 1236 468 1285 la
493 1233 596 1300 pugion
613 1248 713 1285 aversa
734 1235 854 1302 legitur:
883 1239 959 1288 Aur.
982 1240 1160 1291 Theodosii
1178 1240 1344 1293 Macrobii
1367 1238 1396 1288 V.

215 1324 254 1377 ct.
271 1330 296 1375 et
314 1320 434 1373 inlustris
457 1318 665 1372 Commentariun
680 1318 709 1368 ia
729 1319 865 1371 Somnium
882 1321 1014 1387 Scipionis
1035 1323 1078 1379 lib.
1097 1324 1134 1374 ll.
1172 1324 1332 1374 Saturnalia
1353 1322 1397 1374 lib.
1461 1340 1463 1351 ·

216 1410 277 1462 Vll.
315 1408 355 1459 Ds
378 1404 536 1473 differentiis
558 1410 583 1455 et
607 1400 775 1453 societatibus
801 1404 898 1459 Graeci
920 1406 1064 1474 Latinique
1086 1407 1157 1458 coti
1180 1406 1292 1457 libellus.
1333 1409 1398 1457 Cum

210 1493 324 1563 integris
345 1498 370 1542 et
392 1508 424 1542 cs
446 1486 623 1557 cbirugrupbu
644 1486 731 1539 auctis
758 1487 825 1540 luit.
849 1489 952 1541 lsucii
977 1492 1131 1554 Pontuni,
1162 1490 1226 1541 lob.
1249 1490 1397 1551 Meursii,

214 1579 324 1633 lucebi
344 1574 504 1628 Graaooii
526 1573 610 1625 Notis.
644 1572 779 1640 Sequitur
798 1574 848 1625 iol.
871 1575 919 1626 lb*
944 1574 1098 1627 dedicatio:
1124 1574 1349 1627 Reverendissimo
1373 1579 1398 1623 et

215 1663 363 1718 celsissimo
383 1654 501 1727 Principi
518 1675 550 1710 oc
569 1659 681 1729 Domino
702 1662 734 1713 b.
755 1660 934 1726 Fcrdiaundo,
961 1662 1010 1713 Dei
1030 1662 1123 1731 gratio
1143 1660 1272 1728 Episcopo
1293 1658 1398 1709 Puder-

212 1748 333 1803 bornensi
345 1750 411 1811 cet,
430 1746 522 1796 bibero
539 1744 642 1797 Rusoni
656 1748 694 1797 dc
712 1747 1002 1817 Furstenberg,...
1023 1747 1151 1816 Lugduni
1172 1763 1198 1795 u.
1217 1745 1243 1795 d.
1266 1744 1311 1795 Vl.
1333 1742 1398 1794 ldus

214 1834 305 1887 Maius
333 1834 366 1885 A.
399 1832 428 1883 C.
457 1829 644 1891 MDGLXX.,
675 1836 704 1881 et
729 1830 780 1883 tol.
805 1832 890 1893 litu.
942 1832 1100 1895 Praelatio,
1133 1829 1179 1882 aui
1209 1827 1399 1880 subiiciuntur

210 1917 344 1971 Addenda
369 1933 386 1967 e
413 1914 474 1966 cod.
505 1914 658 1965 Osoniensi
683 1920 712 1965 ct
740 1916 878 1982 Excerptu
906 1917 958 1969 ills
988 1916 1189 1969 mathematica
1216 1930 1288 1981 quae
1313 1913 1398 1980 posui

212 2022 237 2072 p.
255 2007 308 2055 218
322 2019 394 2069 sqq,
411 2001 462 2053 iul.
482 2000 569 2050 l⁷lll.*
588 1999 627 2051 De
639 1999 772 2051 Macrobio
791 2002 897 2067 eiusque
915 2003 1019 2069 scriptis
1036 2002 1187 2056 testimonia
1200 2007 1224 2053 et
1242 2000 1299 2051 uliu
1316 2014 1400 2066 puuc-

212 2092 274 2143 durn
297 2084 451 2141 ePontani
474 2084 541 2143 edit.
564 2085 614 2145 ΙΙ.,
637 2083 686 2133 lul.
707 2082 755 2134 X*
780 2084 818 2135 M.
842 2085 925 2137 Tullii
947 2088 1078 2139 Ciceronis
1098 2086 1234 2138 Somnium
1255 2084 1399 2151 Scipionis,

216 2172 380 2243 praemissis
404 2169 511 2223 ssrbiss
544 2167 634 2235 Scipio
651 2168 768 2234 loquitur
791 2171 855 2233 (non
880 2186 950 2238 ergo
973 2171 1043 2223 baec
1061 2172 1148 2224 editio
1168 2188 1193 2237 p.
1210 2174 1236 2221 ³.
1253 2168 1282 2220 in
1300 2186 1398 2220 sarissa

211 2278 326 2314 numera
344 2264 406 2310 erat
423 2255 573 2328 referenda
594 2252 623 2303 ia
641 2252 744 2318 quibus
762 2270 814 2305 uon
835 2247 979 2321 legeretur
997 2256 1164 2322 Somnium),
1189 2262 1218 2307 et
1235 2255 1286 2306 iol.
1305 2252 1399 2314 itti,

214 2349 324 2399 Susnnra
349 2342 490 2412 privilegii
520 2342 553 2392 b.
582 2339 614 2389 b.
646 2338 730 2389 Ordd.
760 2338 922 2392 Hollundiue
949 2342 1211 2409 tiseos-Frtaacquo
1258 2339 1399 2392 Macrobii

211 2432 345 2499 operibus
370 2445 466 2481 omnes
494 2442 566 2493 quse
590 2424 618 2475 in
643 2424 762 2476 Pontani
790 2426 856 2477 edit.
884 2428 919 2477 ll.
950 2427 1084 2494 leguntur
1113 2424 1308 2479 adnotationes
1336 2422 1398 2475 suis

210 2532 337 2584 quaeque
356 2514 426 2565 lucis
441 2512 585 2565 subiectae
604 2515 679 2575 sunl,
697 2515 796 2561 auctae
813 2513 833 2561 l.
850 2512 985 2564 Gronavii
1003 2512 1085 2564 notis.
1120 2511 1204 2563 Liber
1221 2517 1248 2561 et
1266 2514 1350 2575 caput
1368 2508 1398 2560 in
1426 2524 1430 2529 ·

211 2599 309 2670 quasis
324 2600 428 2667 pugion
443 2604 555 2651 notatur
570 2596 599 2650 iu
617 2596 671 2647 bac
687 2597 749 2647 sola
766 2596 898 2659 editione,
915 2613 1033 2665 nasoque
1048 2603 1102 2648 tam
1120 2596 1147 2647 ia
1164 2595 1316 2663 prioribus,
1333 2594 1399 2645 inde

211 2704 228 2738 a
250 2685 413 2737 Coloniensi
433 2686 473 2747 1.,
500 2694 583 2749 quam
605 2681 634 2733 in
659 2680 862 2749 posterioribus
881 2688 989 2735 tantam
1008 2681 1074 2733 libri
1094 2682 1251 2748 signantur.
1286 2680 1398 2731 lodices

211 2770 297 2822 iidem
314 2774 380 2819 sunt
397 2776 481 2834 atque
499 2767 527 2818 in
547 2767 665 2819 Pantaui
684 2768 752 2818 edit.
770 2770 821 2831 ll.,
847 2784 862 2819 e
882 2782 936 2833 qua
955 2768 1027 2819 baec
1043 2767 1117 2819 iacta
1135 2771 1179 2818 est
1195 2765 1300 2819 additis
1317 2766 1398 2816 (lum-

212 2859 291 2905 taxut
311 2852 549 2918 descriptionibus
567 2858 595 2902 et
613 2860 758 2917 praetereo
778 2851 876 2919 pausis
892 2852 1016 2905 nutriatis.
1039 2851 1117 2903 Cani.
1137 2868 1218 2918 par.
1242 2851 1316 2903 Usus
1334 2868 1398 2902 suin

211 2936 366 3005 exemplari
384 2938 456 3003 quod
473 2942 517 2987 est
533 2935 560 2987 iu
576 2936 753 2989 bibliothece
771 2937 913 3005 gymnasii
931 2937 1169 2994 Suevoiurtensis.

280 3024 322 3075 Ex
340 3022 394 3074 buc
414 3022 537 3085 editione
558 3022 701 3086 proiectae
719 3028 784 3074 sunt
802 3039 874 3089 quae
892 3030 1059 3089 sequuntur:

177 3108 428 3170 boudinensis,
449 3112 497 3171 8⁰,
524 3106 603 3159 cuius
623 3106 723 3158 titulus
742 3114 800 3158 ests
815 3113 903 3162 ·Aur.
926 3108 1106 3159 'l'beo-dosii
1127 3106 1285 3159 Macrobii
1304 3121 1396 3173 opera.

211 3196 347 3249 Accedunt
367 3193 490 3262 integrus
510 3193 550 3243 ls.
572 3191 726 3255 Pontuni,
747 3193 814 3245 tot.
836 3194 987 3257 Meursii,
1007 3193 1073 3245 luc.
1098 3193 1260 3244 Gronovii
1277 3198 1354 3243 notuc
1372 3198 1398 3241 et

209 3280 459 3333 animaduersiones.
486 3278 580 3331 Editio
596 3277 740 3329 occasion
757 3296 814 3329 cuns
829 3279 915 3329 indice
932 3295 1019 3330 rerunt
1037 3286 1061 3332 ct
1076 3294 1168 3331 vocum
1186 3277 1397 3345 locupletissimo.

245 3493 272 3550 7)
293 3489 361 3539 lnde
378 3488 505 3556 prolecta
524 3504 586 3538 esse
602 3486 706 3541 dicitur
722 3488 809 3539 editio
829 3485 1040 3540 Osoniensis
1060 3502 1085 3538 s.
1103 3484 1258 3536 Moctxv.
1280 3485 1322 3532 8⁰.
1347 3480 1396 3532 Sic

175 3556 376 3622 Schweigeras
394 3558 413 3607 l,
432 3574 455 3607 c.
492 3556 611 3607 libertus
631 3556 703 3610 bunc
720 3556 872 3607 editionem
890 3556 994 3607 omisit.
1029 3557 1058 3603 ln
1077 3552 1209 3603 editionis
1229 3548 1396 3615 Bipontioae

177 3624 277 3675 notitia
294 3624 420 3675 literaria
443 3641 468 3703 p.
487 3638 538 3673 ιιι.
562 3624 681 3689 legiturs
713 3624 810 3685 „llaec
829 3620 1104 3689 repetitanonii,
1134 3618 1228 3670 nescio
1251 3634 1285 3669 nn
1313 3620 1395 3677 1665,

176 3692 217 3742 ita
234 3698 266 3741 ut
282 3697 364 3741 natac
381 3691 587 3741 sulsircerentur
606 3691 675 3757 ipsis
695 3691 831 3741 blacrobii
851 3690 979 3752 uerbis,“
1005 3695 1033 3739 et
1054 3706 1078 3755 p.
1097 3703 1175 3737 arra:
1204 3690 1299 3750 „l665.
1317 3712 1350 3723 -
1369 3689 1394 3736 S.

177 3757 314 3809 Macrobii
342 3773 426 3823 opera
448 3775 472 3807 c.
495 3758 599 3807 adnott.
625 3774 698 3808 verr.
723 3776 790 3809 cura
810 3757 959 3825 Georgii
984 3754 1107 3806 Horuii
1128 3753 1233 3821 opiinus
1256 3752 1396 3820 prodiisse

176 3828 266 3877 reiurt
279 3827 298 3875 l.
318 3825 348 3874 F.
367 3824 492 3876 Nulten
509 3823 537 3874 ia
555 3824 598 3875 lv.
614 3823 646 3875 b.
664 3825 693 3876 [ι.
712 3827 853 3877 aetatibus
872 3840 1022 3890 curansque
1039 3822 1148 3890 scripit·
1166 3822 1200 3873 ad
1220 3824 1326 3873 calcem
1343 3820 1396 3870 La-

176 3894 234 3947 xici
248 3892 393 3946 Antiburb.
410 3894 452 3943 ccl.
473 3894 559 3959 titt,
579 3893 719 3945 nescimus
737 3910 772 3945 un
790 3894 887 3945 eudem
906 3910 967 3943 corn
987 3908 1044 3958 seq.
1065 3907 1146 3957 quarn
1158 3889 1313 3941 uFabricius
1331 3905 1353 3939 s.
1369 3904 1394 3939 a.

177 3959 504 4025 laudatssronicnsern,“
522 3969 550 4011 ct
560 3996 587 4025 ,,.
673 3960 814 4026 Oranii,
832 3966 858 4013 8.
877 3960 997 4027 repetita
1015 3966 1058 4011 est
1074 3960 1116 4009 ed.
1130 3958 1246 4010 Pontani
1257 3956 1395 4024 bogdan,

175 4030 217 4082 ita
233 4036 263 4081 ut
283 4036 373 4091 notae,
391 4045 462 4096 quus
478 4035 561 4080 antea
577 4029 615 4093 ad¹
636 4028 773 4081 Macrobii
793 4029 898 4081 calcem
918 4029 1041 4081 reiectae
1059 4032 1151 4090 erant,
1169 4026 1255 4078 textui
1274 4023 1397 4075 subiice-

176 4104 287 4160 rentar3
315 4098 387 4164 quod
415 4098 546 4148 observat
565 4095 712 4147 Fabricius
735 4098 764 4148 in
786 4096 818 4147 B.
837 4095 868 4147 b.
891 4096 935 4147 ccl.
953 4097 1110 4161 llamburg·
1132 4098 1206 4145 1721.
1231 4094 1288 4144 Vol.
1306 4094 1340 4153 1.,
1369 4109 1395 4156 p.

175 4170 235 4217 623.
258 4166 315 4233 [ed.
333 4167 444 4217 Ernest.
466 4164 521 4216 vol.
541 4165 591 4215 Ill.
616 4180 641 4230 p.
665 4163 742 4231 184.].
778 4164 964 4216 oxoniensem
985 4171 1060 4215 certe
1080 4162 1211 4229 repetivit
1230 4165 1296 4212 lac.
1315 4160 1396 4209 Gro-

176 4234 310 4296 novius,
326 4234 366 4286 ita
382 4241 413 4285 at
427 4232 572 4285 meliorem
585 4233 695 4284 iaceret
711 4250 744 4283 ex
761 4249 833 4299 penu
851 4248 867 4283 s
886 4234 1015 4298 pstreln.
1027 4230 1103 4282 Frisl.
1117 4230 1172 4295 ipsi
1189 4230 1297 4280 relicto.
1314 4226 1396 4293 „Ego

175 4317 265 4367 neque
283 4301 355 4353 banc
373 4302 524 4353 editionem
544 4316 678 4366 usquam,
699 4317 789 4366 nequae
806 4299 945 4351 eiusmodi
963 4299 1114 4365 quidquam
1136 4297 1230 4348 inveni
1248 4295 1320 4361 apud
1340 4296 1394 4344 loc.

176 4368 357 4421 Gronoriorn.
393 4374 480 4421 lmmo
502 4367 551 4421 bie
573 4369 602 4421 in
623 4369 765 4419 Addendis
788 4382 858 4434 quasa
881 4365 1051 4435 praelationi
1076 4365 1211 4417 subiecit:
1241 4362 1396 4427 „lugenda

176 4436 261 4499 baec,
280 4434 384 4502 inquit,
403 4454 436 4488 cx
451 4437 510 4487 Ms.
532 4435 719 4488 oxoniensi
738 4435 969 4499 Bodleiano“,
988 4451 1022 4485 cx
1040 4432 1128 4499 suqrre
1151 4432 1245 4499 plures
1264 4429 1395 4495 deinceps

177 4506 254 4555 locos
276 4504 443 4556 emendavit.
478 4503 521 4554 Ci.
543 4520 570 4569 p.
588 4520 664 4555 axis.
698 4501 759 4555 Non
780 4518 849 4571 crgo
868 4502 1021 4555 editionem
1047 4501 1095 4553 scd
1114 4498 1238 4551 codicem
1254 4495 1396 4549 oxonien-

176 4586 236 4623 scsa
251 4575 317 4622 sate
335 4572 432 4623 oculos
453 4587 485 4623 se
501 4571 635 4623 babuisse
653 4570 808 4623 coufirmat.

1389 4656 1436 4699 ,A
