2950 4992
218 150 282 219 212
705 140 914 208 MAGROBll

220 315 379 389 convenit,
401 312 456 399 qui
478 320 613 397 quantae
635 310 667 374 in
687 310 757 375 aliie
778 310 818 375 sit
839 311 1002 396 probatum
1023 320 1085 391 eet,
1118 314 1171 379 sed
1195 315 1239 380 illi
1261 324 1398 397 tantum,

219 423 312 488 quem
334 400 380 466 vis
401 406 540 473 naturae,
562 416 655 481 quem
676 396 755 461 ratio
777 396 939 462 manifeste
961 418 1024 463 non
1046 407 1177 464 moveat

305 486 404 551 llllll.
445 482 566 547 Edooto
593 481 686 565 igitur
705 489 800 567 etque
820 482 943 547 adserto
966 484 1085 549 animae
1111 493 1199 550 motu
1217 485 1398 567 Africanus,

219 572 353 659 qualiter
377 568 524 635 exercitio
555 565 623 631 eiua
647 566 798 632 utendum
830 566 885 644 sit,
923 568 954 632 in
984 567 1060 635 haec
1085 570 1178 635 verba
1206 573 1337 638 mandat
1367 584 1397 639 et

190 656 383 744 ipreecipit:
423 654 513 719 Horae
530 664 565 717 ta
584 654 837 802 werceailoemm
858 654 893 717 in
913 654 1019 720 retae:
1046 668 1117 721 eant
1135 668 1232 721 aetem
1253 670 1397 745 optumae

219 766 310 809 eneae
330 742 367 805 de
391 740 485 804 aelate
498 737 635 825 patriae,
667 760 686 824 q
716 740 723 752 ‘
791 739 919 823 wintra
947 750 975 803 et
997 743 1175 806 exeram
1199 744 1323 808 animoa
1347 770 1395 810 oe·

218 830 313 894 loeicn
329 829 364 891 in
380 826 459 889 lane
476 824 574 888 eedem
592 833 620 886 et
636 822 758 888 dentum
775 846 862 887 enam
874 825 1062 910 pereolabc't:
1081 827 1096 889 i
1188 830 1272 892 aciae
1292 832 1394 914 saciet,

217 916 248 979 ei
266 916 328 977 iam
345 922 418 984 tara,
439 930 506 973 aaa
524 908 583 972 m'e
601 907 735 973 nomm
753 908 788 973 in
808 930 941 995 corpore,
958 912 1095 976 eminebit
1124 935 1193 977 orae
1214 925 1243 977 et
1258 938 1295 978 ea
1317 940 1395 1003 quae

219 1010 306 1063 extra
333 1005 422 1061 erunt
451 992 651 1079 meppiam
682 1015 772 1081 pram
803 995 934 1061 maoeinte
965 1018 996 1061 ee
1028 1020 1048 1061 a
1079 1019 1205 1084 corpore
1233 1000 1392 1067 abstrahet.

190 1084 352 1168 {illamque
377 1100 481 1144 eonon
502 1079 601 1145 animi
625 1080 681 1165 qni
703 1102 735 1143 ee
761 1081 898 1167 corporis
922 1081 1120 1168 voluptatibus
1141 1084 1321 1151 dedr'demnt
1344 1112 1392 1152 ea-

218 1190 344 1254 mmqae
369 1187 401 1230 ee
425 1166 515 1251 quari
533 1164 687 1229 metamor
708 1164 914 1251 praeluceret
938 1166 1117 1254 caputoque
1143 1169 1313 1237 incidentem
1340 1197 1390 1238 oo-

217 1254 378 1340 laptatrlne
398 1250 595 1315 necionem
619 1250 744 1315 deomm
768 1262 797 1314 et
816 1250 971 1316 homiaem
995 1253 1067 1317 iera
1088 1254 1289 1333 meaverunt,
1324 1281 1391 1324 eor-

167 1339 367 1426 [nuperrimo
387 1336 482 1423 elapsi
500 1334 615 1399 circaea
634 1345 746 1400 terram
767 1336 865 1422 epearn
886 1337 1073 1413 volutantur,
1108 1361 1162 1404 neo
1182 1341 1263 1405 lane
1292 1344 1328 1407 ia
1348 1346 1390 1409 lo-

187 1424 284 1489 cnon
303 1424 368 1488 ccii
383 1422 485 1487 multae
505 1419 650 1505 ecapitete'
667 1420 774 1485 merdic
794 1432 992 1488 revertantur.
1050 1424 1087 1487 ln
1110 1426 1270 1510 superiore
1295 1427 1390 1496 huius

216 1510 319 1595 operis
347 1515 434 1593 parte
460 1504 595 1571 diximus
621 1504 696 1569 aliae
724 1506 839 1571 otiosas
865 1506 939 1572 alies
961 1508 1135 1593 negotiosas
1157 1532 1225 1575 esse
1247 1513 1388 1590 virtutes,

217 1605 250 1660 et
273 1595 341 1659 illac
366 1589 558 1678 philosophia
585 1588 641 1655 lma
666 1610 770 1656 rerum
798 1592 988 1676 publicarum
1013 1594 1185 1660 rectoribus
1211 1600 1385 1677 convenire,

215 1689 364 1765 utresque
389 1686 494 1743 temen
519 1683 713 1741 exercentem
737 1674 838 1742 lacere
865 1678 998 1743 beatum.
1041 1679 1108 1744 Hae
1135 1681 1262 1747 virtutes
1287 1684 1384 1748 inter·

215 1764 290 1829 dnm
311 1762 505 1836 diuiduntur,
528 1780 761 1847 nonnumquam
783 1782 857 1828 vero
880 1766 1061 1841 miscentur,
1086 1786 1157 1831 cum
1182 1776 1385 1855 utrarumque

185 1846 310 1934 5onpax
333 1854 366 1911 et
384 1855 494 1912 uatum
521 1855 553 1910 et
572 1846 766 1912 institutione
788 1848 910 1913 animus
931 1848 1095 1915 invenitur.
1153 1852 1233 1918 Nam
1264 1855 1291 1919 si
1316 1856 1388 1941 quis

214 1933 254 1997 ab
274 1932 359 1996 omni
382 1930 507 2016 quidem
529 1930 669 1995 doctrina
689 1931 841 1999 habeatur
863 1934 998 2013 alienus,
1027 1934 1059 1999 in
1080 1957 1115 2001 ro
1137 1938 1258 2021 publice
1281 1948 1388 2006 temen

214 2027 247 2082 et
268 2014 403 2102 prudens
425 2024 458 2079 et
477 2022 666 2099 temperatus
689 2024 722 2081 et
739 2016 827 2083 lontio
845 2028 877 2084 et
899 2018 998 2085 iustus
1017 2019 1072 2097 sit,
1092 2021 1143 2086 hic
1161 2043 1178 2086 a
1198 2023 1314 2091 seriatis
1340 2048 1388 2092 re-

215 2112 319 2169 motus
340 2100 457 2166 eminet
475 2107 580 2197 temen
601 2100 765 2167 actualium
794 2103 897 2189 vigore
925 2104 1091 2182 virtutum,
1133 2108 1245 2205 quibus
1272 2109 1388 2177 nihilo-

186 2189 318 2255 iiminus
336 2186 454 2253 caelum
476 2184 558 2251 cedit
575 2184 606 2249 in
628 2186 810 2270 praemium.
854 2188 886 2255 Si
908 2189 978 2276 quis
999 2211 1072 2257 aero
1095 2193 1184 2258 insita
1204 2194 1310 2279 quiete
1333 2219 1389 2263 na-

280 2445 351 2497 lllaa.
369 2442 575 2505 BFSPthGJ

207 2533 251 2611 fit
268 2531 298 2583 h.
316 2557 349 2567 —
364 2530 502 2597 prolatam
519 2529 567 2595 eet]
585 2526 627 2580 Gi.
648 2546 671 2579 c.
690 2530 732 2593 15,
752 2512 766 2595 5
786 2530 826 2579 lc.
845 2556 879 2568 -
895 2538 1075 2598 naturaeque
1089 2530 1204 2585 miratio
1221 2530 1254 2584 G.
1271 2560 1307 2571 —
1326 2553 1386 2589 ma-

211 2597 490 2731 orfeegewlltuclaeffl
511 2662 602 2714 XVll.
643 2662 790 2728 Scipionem
813 2664 847 2714 al
864 2680 915 2743 coo
937 2680 985 2715 ano
1003 2666 1130 2729 Africano
1153 2674 1208 2719 tam
1228 2666 1265 2717 ael
1285 2669 1386 2720 otiosae

210 2750 290 2801 paam
307 2733 344 2783 ad
363 2733 415 2789 (ad
433 2748 488 2781 om·
509 2729 579 2797 alig)
597 2732 751 2798 negotiosae
765 2730 875 2782 virtutes
894 2732 1032 2783 :recitatam
1045 2734 1145 2795 suinae:
1177 2742 1231 2787 tam
1250 2736 1284 2786 ele
1302 2740 1385 2789 teilone

208 2798 391 2868 pleiloeopln'ae
411 2798 545 2863 partitae,
576 2814 687 2864 quaram
710 2798 812 2850 nnllam
836 2798 924 2850 Cicero
948 2800 1076 2851 intactam
1096 2802 1275 2868 praeterierit.
1305 2805 1384 2857 ch-u.

314 2869 337 2916 l.
376 2864 475 2916 llaecto
491 2869 560 2925 (om.
577 2865 677 2933 igitar]
692 2864 726 2916 B.
748 2894 774 2903 -
795 2873 820 2917 et
832 2868 963 2933 praecipit
979 2868 1094 2919 elicere
1112 2869 1134 2919 P
1152 2870 1246 2934 „Me.“

210 2939 236 2985 ἓ.
269 2935 299 2986 in
317 2932 513 3001 optimiereltae
529 2932 561 2982 B.
580 2959 613 2969 -
631 2933 664 2983 ele
680 2935 768 2985 catate
781 2935 889 2999 patriae
910 2952 947 2985 ne
975 2951 1014 2985 ue
1029 2952 1076 2987 nec
1092 2937 1120 2987 e'n
1139 2937 1224 2989 lacurn
1242 2938 1269 3003 (5
1285 2942 1310 2989 3.
1329 2956 1385 2990 orn.

208 3000 366 3054 interiecti·
384 2997 529 3051 Ciceroni·
546 2998 655 3057 verbio)
675 2998 705 3050 F.
726 3028 762 3038 -
783 3001 820 3051 ‹le
837 3002 930 3067 quibas
949 2952 983 3053 il.
1004 3031 1039 3041 ·-
1060 3006 1205 3057 exercitae
1222 3023 1250 3073 g.
1271 3036 1308 3046 —
1332 3011 1387 3060 oet

209 3073 279 3121 ottae
297 3070 330 3119 B.
350 3095 377 3105 -
396 3067 419 3119 ei
434 3074 464 3119 et
481 3069 536 3117 iam
555 3073 627 3117 tane
646 3066 721 3117 BB2.
756 3085 841 3119 enam
858 3077 913 3121 tam
932 3069 982 3119 lii.
998 3097 1032 3109 --
1049 3072 1178 3125 extrahet
1198 3072 1244 3123 Bl.

208 3142 234 3188 3.
253 3136 353 3203 ,animi
370 3152 424 3185 am.
445 3150 470 3187 v.
489 3161 523 3172 -
541 3133 721 3200 voluptariam
737 3136 853 3202 eorporis
874 3136 954 3188 e-ue.
971 3166 1005 3177 -
1024 3139 1167 3192 dederant
1186 3141 1243 3191 vul
1263 3140 1304 3203 (0
1322 3159 1340 3195 a
1358 3164 1385 3213 p.

209 3210 270 3265 m.).
286 3232 320 3243 -
340 3203 492 3270 praebuere
510 3200 594 3269 reug.
615 3230 643 3240 -
661 3202 783 3255 libidinis
803 3209 877 3269 (cup.
896 3209 954 3264 nm)
975 3206 1026 3255 un.
1046 3233 1077 3244 -
1097 3216 1122 3259 et
1140 3209 1276 3260 omniurn
1297 3210 1331 3261 B.
1351 3242 1385 3251 -
1451 3254 1452 3261 ,

207 3275 350 3327 oiclaoere
367 3270 462 3339 vichg.
484 3296 519 3309 -—
542 3270 682 3322 laneam.
700 3270 774 3323 uui.
800 3296 835 3309 —·
861 3274 995 3339 exagitati
1013 3274 1108 3325 recolis
1130 3273 1195 3327 Bel.
1245 3281 1386 3349 exagitati

208 3343 301 3395 ecclia
320 3339 364 3392 Fs
381 3340 438 3401 llll
456 3337 540 3397 eel'e'e)
558 3338 610 3390 Ru.
651 3339 754 3407 agitati
771 3338 865 3390 reontio
886 3339 993 3392 vich-lt.
1035 3343 1137 3411 agitati
1154 3344 1245 3395 aeolia
1266 3344 1301 3397 0.
1344 3366 1388 3400 ee-

208 3412 264 3463 clie
283 3410 385 3476 agitati
401 3408 437 3459 G.
471 3407 565 3459 cacalia
581 3409 701 3459 exactio
720 3406 751 3457 Ρ.
785 3407 879 3458 reontio
895 3413 963 3470 (om.
985 3412 1132 3479 exagitate]
1150 3411 1228 3461 ulla.

208 3480 233 3527 4.
270 3474 394 3541 dirime]
416 3475 440 3539 1,
457 3475 627 3542 fl,512-
647 3482 672 3527 et
688 3473 911 3528 illaeoirtatee
926 3475 959 3527 F.
1109 3483 1134 3531 ὅ.
1169 3486 1331 3547 temperem
1351 3482 1385 3535 B.

240 3730 283 3779 26.
320 3724 456 3777 Aristoteli
469 3742 521 3776 aaa
536 3723 666 3792 coaonae]
684 3723 728 3775 Ci.
743 3724 768 3791 1,
818 3726 926 3781 addidit
944 3726 1068 3781 «latinum
1085 3744 1110 3780 a.
1130 3733 1171 3793 17,
1190 3730 1203 3796 5
1218 3732 1245 3783 4.
1261 3732 1321 3785 har
1339 3751 1385 3787 re·

206 3802 238 3859 5,
260 3802 284 3847 l.
302 3795 326 3846 ai
345 3792 500 3861 Scipioni
517 3792 706 3845 convenerit
722 3800 768 3845 ta·
816 3812 875 3847 ram
896 3796 1061 3864 patllearaen
1085 3798 1246 3851 rectoritae
1268 3818 1385 3856 coave-

207 3866 246 3917 lia
264 3864 403 3917 nomniare.
437 3858 536 3911 Cicera
554 3858 624 3911 dicit
642 3874 685 3909 ree
705 3877 768 3911 eoa-
815 3864 897 3915 nire.

204 3935 278 3987 vettii
303 3932 336 3984 ''st
363 3928 511 4010 ‘ditm‘
546 3926 589 3977 Cf·
614 3924 690 3977 Phil·
716 3926 767 3991 α’
850 3962 893 4013 illi
920 3964 1035 4031 tantam]
1069 3962 1186 4017 Videtur
1214 3964 1385 4033 aignificaee

204 3992 767 4113 0
1359 4038 1384 4103 ι,

204 4139 255 4198 49,
286 4138 344 4185 lae.
376 4148 445 4202 qnae
478 4130 548 4183 vitia
576 4130 701 4181 videnter
728 4131 764 4182 r'a
835 4136 843 4163 ’
877 4135 885 4149 ⁰

204 4204 348 4271 quemvia
374 4202 464 4270 potiar
494 4214 573 4266 qaam
602 4199 636 4249 in
665 4198 764 4249 irtam
848 4196 939 4259 xvu,
966 4202 993 4249 5.
1025 4198 1068 4249 lu’c
1089 4216 1108 4249 a
1126 4200 1238 4263 feriatio
1261 4212 1383 4257 remotae

203 4270 385 4321 convenire.
420 4266 548 4319 Potuerit
576 4266 640 4333 qaia
667 4264 762 4317 elicere
813 4265 908 4316 eminet
929 4272 1019 4317 tamen
1040 4267 1187 4319 actualiam
1208 4269 1303 4338 vigore
1320 4274 1383 4324 air-

201 4336 276 4385 nihil
302 4337 397 4385 lacere
430 4334 466 4385 ael
499 4338 624 4385 neutrum
657 4331 761 4395 locam,
811 4333 908 4399 tutam]
949 4333 1074 4387 Feriatae
1106 4335 1227 4387 virtutae
1258 4338 1382 4391 eaedem

200 4400 310 4450 illaria
325 4400 425 4463 quibua
436 4415 490 4451 nnn
501 4399 658 4451 infinitivus
673 4400 760 4451 verbo
810 4406 886 4462 aunt,
901 4415 973 4464 quac
990 4416 1074 4467 cupra
1090 4400 1103 4467 5
1119 4405 1144 4453 4.
1158 4400 1291 4455 dicuntur
1308 4408 1382 4459 atia-

200 4466 320 4513 coneeae't
339 4464 474 4529 ineptae
494 4466 545 4517 ecel
566 4482 668 4517 namen
692 4467 760 4518 aab·
809 4481 870 4525 ωας
890 4466 1011 4520 actualee
1027 4484 1099 4535 quae
1117 4468 1157 4523 ilii
1176 4470 1311 4525 dicuntur
1328 4492 1381 4529 nc-

201 4526 363 4577 atnntivam.
384 4530 761 4596 Ateicqnaqaellacrabine
809 4532 942 4600 galiaeae.
