2950 4992
225 140 364 211 COMM.
385 138 429 206 ΙΝ
449 133 577 204 SOMN.
595 132 696 202 SCIP.
737 134 813 200 ΠΒ.
831 135 856 198 Ι.
899 132 989 200 CAP.
1006 133 1093 200 XIX.
1109 134 1182 199 XX.
1228 135 1286 198 ΙΙΙ

116 312 298 380 definitione
319 307 505 375 moderatur.
560 305 639 372 Nam
661 309 744 368 certa
767 301 856 388 spatii
877 302 1016 369 definitio
1037 311 1099 383 est,
1134 305 1172 370 ad
1193 307 1316 392 quaram

116 421 188 465 oum
211 415 415 483 unaquaeque
433 390 563 457 erratica
582 389 670 454 steila
692 387 839 472 reoedens
859 407 877 452 a
897 388 961 452 sote
1005 391 1172 468 cremarit,
1208 395 1337 462 tam-[⁹⁹]

117 506 211 571 quam
232 483 313 548 nitra
334 479 536 566 prohibeatur
560 474 720 550 aoeedere,
758 474 806 557 agi
834 482 917 538 retro
944 410 1080 550 unietur,
1113 485 1145 541 et
1169 498 1286 555 rumne,

116 592 187 636 enm
208 575 323 633 certam
344 573 464 651 partem
487 559 660 625 recedendo
679 557 857 642 eontigerit,
895 557 933 622 ad
956 557 1063 623 directi
1084 581 1190 626 aursus
1213 585 1285 628 eon·

117 664 204 722 sueta
231 659 400 719 revocatur.
442 650 490 712 lta
514 645 587 710 sotis
609 644 656 710 vis
677 651 709 708 et
730 651 866 729 potestas
892 650 995 708 motus
1021 644 1211 728 reliquorum
1239 649 1285 713 tu·

79 784 83 793 ·
117 743 234 807 minum
260 734 427 804 constituta
453 730 645 796 dimensione
673 730 861 794 moderatur.
915 729 1001 795 Mens
1029 730 1138 794 mundi
1163 731 1204 794 ita
1232 735 1315 817 asp-o

116 827 263 913 potiatur,
301 829 337 888 ut
364 817 480 905 physici
503 837 574 881 eum
605 836 658 879 eor
684 815 761 880 eaeii
789 822 990 880 vocaverunt:
1030 813 1102 878 inde
1129 815 1286 894 nimirum,

117 912 200 998 quod
222 907 327 975 ornnia
348 923 429 990 quae
448 910 562 968 statuta
581 901 700 966 ratione
726 900 919 985 permotum
944 899 1008 964 fieri
1035 899 1183 975 videmus,
1204 901 1286 967 diam

116 1005 303 1080 noetomque
327 999 360 1054 et
380 988 546 1072 migrantes
566 986 647 1050 inter
667 993 835 1070 utrumque
857 985 1040 1068 prolixitatis
1064 985 1285 1073 brevitatisque

117 1083 198 1149 vices
217 1085 249 1144 et
270 1075 362 1141 certis
383 1072 575 1158 temporibus
596 1091 726 1219 aequam
748 1071 910 1154 utriusque
933 1091 1119 1149 mensuram,
1141 1072 1213 1137 dein
1234 1094 1286 1138 ve·

117 1167 160 1232 ris
179 1165 361 1247 elementem
383 1166 538 1244 teporem,
560 1155 635 1220 torri
659 1177 710 1220 um
733 1154 843 1220 Cancri
866 1175 901 1218 ao
922 1155 1034 1220 Leonis
1055 1167 1189 1234 aestum,
1209 1159 1285 1224 moi-

117 1253 214 1316 iitiem
234 1245 439 1312 auctumnaiis
458 1263 560 1318 aurae,
582 1241 644 1307 uim
665 1240 787 1324 frigoris
809 1239 890 1304 inter
910 1247 1074 1325 utramque
1094 1245 1285 1327 temperiem,

118 1334 221 1401 omnia
242 1332 318 1398 haee
340 1329 413 1395 solis
434 1349 542 1393 eursus
563 1333 596 1392 et
619 1325 698 1390 ratio
722 1323 888 1410 dispensat.
930 1325 1002 1390 lure
1029 1347 1102 1410 ergo
1132 1348 1185 1391 eur
1210 1329 1285 1393 oaeii

117 1421 244 1497 dicitur,
268 1438 324 1503 per
347 1436 440 1500 quem
462 1413 542 1478 fiunt
559 1412 663 1476 omnia
685 1432 766 1496 quae
785 1411 887 1476 divina
907 1410 1027 1475 rationo
1049 1410 1115 1474 tieri
1137 1411 1286 1477 videmus.

116 1509 174 1572 Est
193 1513 225 1569 et
246 1503 322 1568 haee
339 1521 447 1576 causa,
479 1505 605 1584 propter
632 1518 724 1583 quam
754 1496 823 1561 iure
849 1517 902 1560 eor
927 1495 1003 1560 oaeii
1028 1504 1167 1573 vocetur,
1202 1497 1315 1583 quodi

118 1600 227 1656 natura
248 1588 328 1672 ignis
350 1605 473 1672 semper
495 1584 526 1648 in
549 1590 637 1648 motu
659 1590 873 1667 perpetuoque
893 1580 1010 1666 agitatu
1028 1590 1089 1646 est:
1112 1581 1209 1646 sotem
1232 1603 1287 1648 au·

115 1686 179 1743 tem
208 1673 287 1760 ignis
314 1671 444 1736 aetherii
464 1669 581 1734 sontem
602 1667 718 1732 dietum
746 1688 813 1734 esse
840 1665 1018 1732 retulimus:
1058 1666 1117 1732 hoe
1139 1675 1187 1732 est
1212 1687 1286 1752 ergo

116 1763 164 1828 soi
184 1761 218 1824 in
238 1757 378 1833 aethere,
419 1754 502 1840 quod
526 1753 558 1818 in
581 1752 705 1818 animati
727 1773 796 1829 eor,
831 1752 919 1818 euius
940 1752 997 1817 ista
1020 1761 1129 1818 natura
1153 1761 1216 1830 est,
1253 1774 1292 1818 ne

115 1866 266 1930 umquam
286 1849 385 1906 cesset
406 1861 425 1904 a
446 1848 548 1913 motu,
570 1847 625 1903 aut
645 1837 747 1904 brevis
769 1837 836 1904 aius
859 1858 1055 1923 quocumque
1075 1859 1147 1903 casu
1167 1838 1205 1902 ab
1226 1838 1290 1923 agi-

116 1931 235 1996 tatione
254 1927 383 1992 oessatio
405 1945 476 1990 mox
498 1924 609 1988 animai
628 1923 794 1988 interimat
837 1924 921 1987 Haeo
942 1922 980 1987 de
1001 1944 1055 2000 eo,
1075 1924 1158 2009 quod
1179 1925 1288 1989 muudi
1294 1921 1314 1988 8

115 2027 240 2081 meatem
259 2011 386 2077 voeavit
436 2009 593 2075 Currere
621 2017 653 2072 et
673 2009 845 2094 temperatio
865 2009 975 2073 mundi
994 2007 1092 2074 dietus
1113 2009 1167 2087 sit,
1206 2009 1284 2074 ratio

117 2102 149 2166 in
174 2106 281 2185 aperto
308 2105 363 2162 est.
410 2097 458 2159 lta
481 2094 563 2158 enim
587 2115 648 2158 non
671 2094 771 2158 seium
794 2102 922 2169 terram,
962 2093 1014 2157 sed
1037 2094 1138 2181 ipsum
1160 2115 1285 2180 quoque

115 2186 250 2261 eaelum,
283 2182 367 2269 quod
387 2201 458 2247 vere
479 2179 613 2246 mundus
637 2186 776 2258 vocatur,
805 2177 970 2266 temperari
993 2179 1057 2244 soie
1079 2179 1284 2246 certissimum

913 2329 998 2391 [aar.
1017 2329 1219 2397 vicahgopdzb.

113 2425 186 2477 tione
202 2422 286 2489 spatii
301 2421 453 2472 moderatur
475 2419 552 2472 e-irG
572 2417 598 2480 (i
616 2418 699 2483 deff).
751 2415 905 2468 moderetur
926 2421 997 2466 emto
1022 2416 1184 2480 diffinitione
1206 2415 1289 2484 spatii

113 2494 156 2544 111
176 2491 210 2551 (S
229 2492 307 2555 des).
341 2491 493 2539 moderatur
512 2494 583 2538 certe
603 2483 765 2550 diffinitione
786 2489 854 2542 (em.
869 2483 965 2547 sputis)
986 2498 1010 2531 v.
1046 2483 1198 2534 moderatur
1216 2491 1286 2545 (om.

113 2567 187 2613 eene
205 2575 244 2625 sp.
264 2557 338 2621 diff)
356 2556 399 2605 132
418 2553 455 2615 (0
472 2571 534 2620 sup.
552 2552 649 2630 adito
666 2567 724 2601 seo.
742 2567 777 2601 m.
796 2557 891 2600 tantu
910 2549 984 2614 epact
1002 2548 1183 2614 diffinitione).

112 2633 139 2679 5.
179 2625 249 2675 Num
266 2632 337 2674 certo
416 2630 528 2673 meatem
542 2626 646 2671 oocumt
664 2617 692 2683 (5
708 2623 734 2667 1.
752 2620 837 2674 extr.)
856 2631 911 2666 ons·
932 2614 1026 2666 CFEl.
1064 2616 1135 2667 Nam
1152 2625 1223 2670 certa
1241 2653 1286 2670 ...

113 2693 267 2747 moderatur
285 2690 312 2754 (t
330 2693 355 2740 5.
373 2694 459 2748 extr.)
480 2689 534 2738 Ml.
586 2685 656 2737 Nara
678 2691 749 2735 certo
766 2684 848 2749 spatii
865 2684 983 2749 definitio
999 2690 1038 2735 est
1060 2700 1114 2734 om.
1134 2683 1233 2738 BGP6.
1252 2715 1286 2725 -

114 2759 198 2826 spatii
228 2765 299 2808 serto
327 2773 352 2806 v.
386 2784 421 2794 —
452 2755 571 2819 definitio
600 2751 721 2803 c-osssa.
773 2751 919 2816 diffinitio
947 2751 1027 2804 Rlvi.
1050 2779 1085 2790 ·-·
1117 2771 1287 2822 unaquaque

114 2830 163 2878 Po.
186 2854 221 2862 —-
247 2824 289 2874 ud
307 2825 395 2874 sotem
419 2822 538 2872 Bamffl
555 2819 636 2881 (Rau
653 2836 670 2871 a
688 2836 746 2871 sec.
766 2823 826 2878 ιιι).
976 2824 1000 2870 6.
1037 2821 1285 2886 appellatorias

113 2896 167 2946 Ra
206 2894 246 2943 itu
269 2899 391 2942 vocatur
415 2891 465 2940 Rl·
492 2917 527 2926 -
548 2895 694 2940 vocarent
716 2886 788 2938 Bur.
816 2887 999 2951 „membrana
1022 2896 1140 2953 utraque
1163 2889 1286 2955 [nausa

112 2962 177 3027 1⁷31.
213 2959 304 3027 igitur
323 2960 386 3025 iege
403 2959 561 3009 ooeoruut.“
580 2956 666 3007 Gron.
702 2955 952 3022 appellaverint
969 2957 1166 3009 Bia-etate
1183 2959 1314 3010 ratione'

112 3031 154 3082 1²4
172 3036 255 3092 „erat
273 3026 301 3076 in
319 3025 519 3077 memoranter
537 3025 617 3076 Pont.
653 3030 726 3074 rota
746 3023 783 3072 ui·
804 3029 885 3074 stara
905 3023 1008 3075 ratione
1026 3023 1060 3075 G.
1100 3041 1167 3076 eum
1183 3033 1287 3078 statuto

111 3099 217 3151 ratione
238 3095 290 3145 Ht.
311 3122 347 3132 -
365 3095 449 3159 ferri
467 3100 542 3159 (sup.
552 3094 631 3159 fiere)
652 3092 702 3157 ΒΞ.
723 3119 753 3128 -
780 3090 1013 3142 aremarensem
1036 3108 1098 3158 r-g.
1120 3121 1155 3130 -
1175 3096 1286 3145 ueteris

111 3173 191 3232 (sup.
211 3164 302 3224 certis)
320 3162 362 3212 Ra
384 3189 419 3200 -·-
441 3162 592 3229 temporem
610 3159 644 3210 G.
679 3166 792 3226 teporem
811 3163 887 3223 (sup.
903 3160 1066 3225 temperiem)
1083 3159 1131 3209 Ra
1169 3168 1285 3228 tempe-

110 3236 191 3287 riem
211 3229 411 3283 Biemann«.
425 3227 463 3289 (n
480 3245 497 3280 a
511 3246 539 3295 p.
557 3233 608 3288 m.)
625 3226 697 3293 (stig
714 3226 742 3277 in
760 3243 815 3292 ing.
833 3233 970 3292 teporem).
987 3255 1023 3264 -
1040 3244 1149 3278 auream
1165 3229 1218 3280 vim
1233 3229 1284 3280 Rt.

110 3308 136 3353 7.
175 3302 212 3352 Et
230 3307 268 3351 est
283 3299 348 3349 isare
365 3299 391 3348 b.
409 3323 445 3334 -
463 3313 543 3365 quam
560 3298 618 3347 inre
636 3296 727 3362 prima
743 3300 808 3344 erint
825 3293 910 3344 verba
929 3293 956 3343 in
975 3293 997 3344 P
1016 3301 1079 3360 post
1097 3310 1225 3362 magnam
1243 3297 1286 3347 la·

111 3385 221 3421 ennam.
257 3365 318 3416 vir.
337 3382 361 3415 e.
379 3363 758 3428 11‚§5.-coeti,eoriure
777 3361 808 3410 B.
843 3362 1284 3430 iaremeasooetiRt.-per-

109 3429 1284 3562 rrrzrsa‘u‘irrez.‘aare‘“ricrsrs‘zuztonq‘{³³⁸¹sstrs

110 3571 232 3624 animate
251 3569 301 3618 Rt.
319 3596 354 3604 -
371 3567 455 3618 trevis
473 3564 676 3618 uve-zcruao
694 3563 803 3626 „rinrr‘
823 3562 896 3614 Mor.
918 3562 948 3612 Ν.
969 3562 999 3613 h.
1017 3581 1042 3631 p.
1066 3567 1121 3615 185.
1157 3563 1234 3616 brevi
1250 3563 1284 3616 B.

110 3641 138 3690 ri
158 3638 245 3690 breuis
266 3638 309 3687 sit
335 3633 407 3700 i-gir.
441 3635 544 3701 „Quae
564 3632 649 3684 tectio
670 3639 714 3684 est
736 3631 852 3682 latinior
874 3629 1004 3682 habenda
1024 3637 1052 3683 et
1071 3631 1285 3699 praeferenda.“

110 3707 196 3758 Zeno.
232 3705 276 3756 sir
292 3704 376 3755 trevir
392 3708 469 3763 (unte
486 3704 521 3754 eit
534 3720 595 3770 sup.
614 3700 677 3752 adri.
690 3702 727 3760 aa)
744 3698 822 3750 S.-
843 3700 961 3752 intimt
978 3698 1011 3751 Β.
1153 3705 1178 3753 8.
1214 3702 1285 3768 qnod

109 3773 203 3825 muudi
220 3780 332 3824 mentem
347 3769 550 3821 MenviaPtffl
567 3769 689 3834 „Angi.“
722 3768 794 3886 qaod
810 3769 907 3820 sotem
923 3769 1017 3820 mandi
1034 3777 1143 3822 meatem
1160 3769 1238 3820 etr-b.
1250 3798 1284 3808 -

114 3843 246 3894 Caruere
264 3837 431 3890 meant2.
467 3854 604 3906 eurergo
622 3853 708 3887 mens
749 3852 795 3886 nu.
815 3865 844 3874 -
868 3837 1022 3900 temperatio
1039 3838 1133 3888 mundi
1149 3845 1284 3888 vocatur

110 3907 141 3960 0.
163 3936 197 3948 -
220 3908 269 3961 sed
286 3923 387 3974 quoque
404 3907 491 3973 ipram
509 3905 558 3956 Rr.
581 3934 618 3944 -
638 3903 781 3972 temperari
798 3905 851 3956 rote
874 3902 1164 3972 recusares-guum
1180 3903 1222 3965 (in
1242 3903 1283 3955 El

144 4046 171 4093 5.
214 4042 253 4094 ud
285 4039 378 4092 directi
411 4056 503 4092 cursus
536 4039 671 4106 consumo]
723 4038 811 4104 eatur]
832 4037 988 4105 ‚.11‚rr[q
1011 4038 1060 4106 12]
1085 4038 1159 4089 Unde
1176 4045 1202 4090 et
1219 4044 1284 4100 (an-

111 4107 155 4160 ci.
169 4109 196 4173 1,
213 4113 246 4174 2,
264 4113 290 4161 9.
307 4113 336 4160 ot
352 4107 380 4171 l,
400 4111 447 4172 10,
463 4113 489 4160 9.
513 4109 672 4160 cerimonia·
723 4112 790 4167 nus)
807 4107 1085 4168 mundanardioitur,
1115 4105 1178 4172 qaia
1195 4124 1282 4158 murr-

111 4193 171 4228 rrm
195 4193 283 4229 romu.
723 4175 784 4224 dur
820 4174 907 4239 roprie
924 4174 1048 4224 eoelum
1069 4181 1185 4224 ooeutar.
1222 4173 1282 4227 Sat.

144 4248 170 4292 ¹1.
204 4261 238 4296 ue
260 4261 386 4311 umquam
409 4242 499 4308 cerem]
527 4240 588 4293 vta.
615 4246 672 4294 not.
724 4241 774 4296 Le
793 4191 817 4307 [ξ
839 4241 1282 4307 10.]Aiii(1anum)mundum‚

115 4308 191 4359 ade.
211 4316 256 4375 1¹1,
288 4311 349 4378 58.
383 4311 553 4362 Ex'hoooe
574 4310 673 4362 adse
723 4309 962 4370 idesteoetum,
985 4309 1204 4361 erseuoiuerunt.
1240 4309 1282 4362 ln.

113 4378 586 4450 queneautintelligendumeetrrt.
616 4377 672 4430 Pro
723 4373 1282 4442 eifl-[515.]quiurotemmundimen-

113 4439 166 4489 silo
184 4449 231 4494 aar
247 4452 392 4512 exspectes
409 4448 480 4515 quio.
723 4443 1006 4506 emerserimus,
1036 4445 1282 4500 manducarem

146 4509 174 4557 8·
207 4513 306 4564 mean
323 4515 393 4582 qaod
413 4531 474 4570 aere
491 4511 606 4566 mundus
621 4529 671 4566 uo·
723 4519 834 4565 vocatae
860 4510 1018 4566 coetum.“
1046 4510 1138 4567 (inore.
1176 4513 1282 4570 Eadem
