2950 4992
586 172 721 240 CAPUT
743 174 782 238 11.
928 178 935 190 ¹
1232 197 1300 239 xvrr

69 349 268 412 potiusquam
290 345 473 400 Saturnalium
493 343 618 396 dicatur:
646 347 676 394 et
694 345 890 408 asymmaebo
908 349 1028 411 rogatus
1043 345 1167 409 disputat
1179 346 1298 398 Servius

70 435 190 496 primum
207 435 241 483 de
258 431 376 497 genitIvi
396 428 614 486 Summeiiprem
633 428 731 492 ierma,
747 428 847 479 deinde
864 427 973 493 (uerbis
991 431 1090 492 Gellii)
1106 431 1141 480 tle
1158 431 1223 482 eliis
1239 431 1298 482 iilia

70 518 253 569 dictionibus.
294 519 363 575 Puni
391 513 519 564 Auienus
540 513 581 576 (e.
599 513 641 576 e.)
665 511 793 564 fleruium
816 513 846 563 ln
868 525 903 563 ee
923 515 1099 578 reprehendit
1121 517 1195 578 quod
1215 516 1298 566 nimia

70 604 187 653 studeat
205 601 299 653 verbis
319 598 493 660 obliteratis,
517 597 687 658 ipae-autem
706 597 781 648 iuter
796 609 967 648 sermenem:
984 599 1071 663 saitis,
1087 598 1192 668 inquit,
1209 601 1300 652 uerbo·

69 703 130 736 rem
148 686 243 738 talium
262 692 310 746 eat,
328 685 363 734 de
380 695 435 746 qua
453 681 574 732 dictione
586 681 745 744 ¹(Gellianis
762 681 871 745 verbis)
888 681 1013 745 disputat
1029 681 1236 749 Praetextatus,
1251 685 1299 749 qui

69 771 187 837 delude,
215 784 297 833 quum
320 770 390 832 bera
410 766 514 816 invites
533 767 567 816 ab
587 765 675 818 inuito
702 766 850 817 discedere
873 768 975 831 cogat,
1005 777 1103 816 omncs
1124 766 1238 834 invitat,
1268 773 1300 820 ut

69 856 202 918 proximo
221 855 266 904 die
284 864 364 902 mane
387 851 458 914 apud
481 863 514 900 se
535 850 633 901 iterum
656 850 836 901 convenient.
881 850 1066 913 symmaebus
1090 854 1240 912 praeterea
1257 853 1301 902 in-

69 940 208 990 uitandos
230 935 361 999 proponit
382 935 543 986 Flauianum
564 935 771 986 Postumianum
791 935 1036 999 Euatatbiemque,
1058 934 1107 997 qui
1130 935 1234 1000 „solua
1253 949 1302 988 re-

69 1025 239 1085 praesentet
257 1020 371 1084 ingenia
389 1021 468 1070 trium
490 1020 715 1083 pbilosopberum
734 1032 807 1082 quea
830 1018 1017 1070 Athenienses
1040 1020 1178 1083 quendem
1197 1021 1234 1071 ad
1252 1033 1302 1073 ae-

70 1112 169 1157 natum
188 1105 375 1168 legaverint.“
410 1105 489 1166 Quod
504 1118 569 1156 cum
588 1107 623 1154 ab
644 1103 772 1156 omnibus
788 1103 873 1154 luerit
886 1105 1042 1167 probatem,
1061 1103 1218 1156 discedunt.

143 1189 265 1239 Postero
294 1190 352 1253 die,
387 1189 664 1240 flaturnalierum
697 1188 823 1252 primo,
859 1187 900 1251 (c.
924 1188 963 1251 ti.)
989 1188 1163 1240 Praetextati
1190 1193 1299 1243 domurn

73 1286 171 1324 omnes
193 1273 236 1323 illi
255 1278 448 1325 conuenerunt
471 1276 583 1335 praeter
599 1272 825 1335 Postumianum,
862 1283 913 1332 pro
937 1283 993 1332 quo
1015 1272 1130 1322 senisse
1148 1271 1298 1326 Eusebium

70 1371 159 1420 supra
184 1360 304 1410 relatum
328 1363 381 1408 cst.
427 1358 536 1409 Avieno
562 1363 737 1419 provocante
762 1354 875 1407 Vettius
899 1355 934 1404 dc
956 1359 1025 1418 toga
1047 1362 1195 1418 praetexta
1216 1364 1246 1408 et
1267 1358 1299 1423 (e

70 1442 165 1493 Gellio
184 1444 330 1506 desumpta
348 1443 466 1507 tabella)
487 1443 521 1491 de
538 1441 651 1502 Papirio
671 1452 771 1504 praere,
788 1438 835 1501 qui
853 1438 957 1499 primus
973 1439 1173 1491 Praetextatus
1191 1454 1301 1506 cogno·

69 1528 192 1579 minatus
214 1533 274 1594 est,
299 1529 439 1593 disputat,
462 1530 546 1588 atque
570 1526 603 1574 de
628 1524 740 1586 origine
763 1523 881 1574 aliorum
904 1525 1076 1584 quorundam
1094 1525 1299 1588 cognominum.

69 1613 280 1674 superveniunt
304 1613 344 1678 (e.
362 1611 402 1675 7.)
428 1609 593 1670 ltvangelua
615 1621 677 1658 cum
701 1607 816 1658 Diserte
837 1606 944 1658 medice
971 1612 1001 1658 et
1022 1609 1117 1659 liores
1141 1610 1300 1675 Aegyptius

68 1697 187 1758 Epicuri
205 1701 304 1747 aeetae
322 1695 470 1758 addictus,
506 1704 522 1741 e
541 1692 640 1753 quibus
660 1692 823 1754 Euangelus
841 1695 977 1758 „prepter
993 1691 1170 1743 dicacitatem
1189 1707 1302 1746 amamu-

70 1779 177 1829 leutam
197 1781 227 1828 et
245 1779 368 1842 linguam
386 1774 567 1840 protervam“
591 1776 716 1827 omnibus
742 1775 851 1844 minime
867 1780 968 1839 gratus
986 1780 1044 1826 est:
1082 1790 1101 1827 a
1117 1778 1300 1830 Praetextato

74 1871 167 1914 tamen
188 1866 273 1925 atque
300 1876 318 1912 a
343 1860 447 1912 ceteris
469 1859 578 1910 invitati
601 1861 765 1926 considunt,
802 1860 831 1910 id
858 1861 931 1924 qued
960 1874 1056 1912 ansam
1082 1862 1130 1912 dat
1158 1864 1299 1916 mutuandi

72 1949 209 2009 quaedam
230 1960 247 1996 a
267 1949 377 1996 Seneca
397 1947 536 1994 Athenaeo
555 1945 702 2007 Genioque
722 1945 756 1994 de
777 1957 845 1996 vera
863 1957 1020 1998 sermenem
1035 1946 1161 2012 ratione,
1185 1949 1219 1998 de
1236 1951 1300 1998 ble-

70 2031 156 2081 nelae
176 2034 277 2092 sponte
293 2030 321 2080 in
342 2029 498 2080 convivium
520 2029 662 2095 irruente,
679 2031 713 2080 de
731 2041 902 2094 numeroque
919 2031 1111 2083 convivarum.
1146 2032 1299 2096 Postquam

72 2117 168 2166 llerus
191 2114 291 2164 deinde
313 2115 348 2163 ab
372 2114 481 2164 Avieno
504 2115 538 2163 de
560 2114 674 2164 Saturni
700 2116 778 2166 cultu
800 2115 956 2181 quaesivit,
989 2116 1188 2167 Praetextatus
1209 2120 1243 2167 ab
1262 2130 1298 2168 ee

72 2203 245 2262 provecatus
263 2200 297 2249 de
314 2199 537 2250 saturnaliorum
555 2199 666 2262 origine
684 2199 814 2265 disserit,
836 2204 865 2250 et
882 2198 1065 2261 disputationi
1083 2201 1147 2252 eius
1165 2203 1298 2263 quaedam

72 2285 106 2334 de
125 2283 327 2346 Compitalibus
345 2282 460 2334 subiicit
477 2283 601 2334 Caecina
618 2283 745 2334 Albinus.
779 2284 866 2334 Plura
882 2283 982 2333 deinde
998 2284 1198 2334 Praetextatus
1211 2285 1300 2334 reteri

70 2370 103 2418 de
122 2371 244 2418 Saturno
265 2367 305 2430 (e.
323 2366 375 2433 8.),
394 2381 412 2417 a
429 2380 484 2429 que
504 2366 544 2431 (c.
561 2368 603 2429 9.)
622 2368 657 2416 ad
675 2367 771 2417 lanum
789 2366 901 2431 transit,
919 2365 1038 2428 denique
1052 2366 1093 2430 (c.
1111 2367 1169 2430 tu.)
1188 2369 1223 2417 de
1241 2368 1301 2417 die·

71 2455 122 2504 bus
141 2453 200 2516 agit
219 2452 318 2515 quibus
337 2453 517 2502 celebrentur
534 2450 712 2520 Saturnalia,
740 2449 844 2498 leviter
866 2454 986 2511 tangens
1007 2450 1199 2501 barentinalie
1217 2455 1300 2514 atque

73 2537 181 2600 Opalia.
232 2536 396 2598 Euangelus
416 2535 457 2596 (c.
476 2532 534 2590 11.)
557 2533 703 2592 deridens,
727 2533 801 2594 qued
824 2532 1020 2581 Saturnalibus
1038 2532 1115 2583 servi
1133 2517 1195 2584 eum
1212 2536 1301 2586 derni-

71 2622 116 2671 uis
137 2625 275 2682 coenent,
295 2617 378 2680 quasi
399 2617 437 2665 dii
457 2620 557 2666 current
576 2628 694 2678 servos,
716 2616 844 2678 quodque
861 2615 1039 2680 Sigillaribua
1058 2621 1172 2670 utantur
1190 2621 1299 2672 oscillis

72 2703 209 2755 fictilibus
229 2713 300 2766 quae
322 2701 443 2749 infantes
467 2699 561 2760 petius
580 2700 714 2764 deceant,
748 2699 955 2750 Praetextatum
977 2701 1103 2765 adducit,
1139 2712 1169 2754 ut
1188 2704 1298 2770 (verbis

73 2791 202 2838 Senecae
221 2791 250 2835 et
269 2785 353 2835 Gellii
372 2789 414 2850 et,
435 2789 465 2834 ut
484 2784 609 2833 nennurlli
633 2789 774 2849 statuunt,
798 2784 905 2836 Valerii
924 2785 1051 2850 Maximi)
1075 2787 1155 2838 uaria
1173 2792 1299 2853 exempla

73 2871 178 2923 afferat
201 2871 300 2933 quibus
324 2870 423 2931 prebet
446 2870 516 2919 dees
539 2867 710 2918 inimortalea
732 2869 842 2933 dignari
860 2882 962 2920 serves
985 2883 1054 2922 cura
1075 2877 1105 2922 et
1122 2875 1299 2935 prouidentia

73 2969 127 3006 sua
146 2956 304 3016 multosque
327 2967 428 3004 seruos
451 2953 603 3004 uirtutibus
627 2953 807 3015 praestitisse
825 2953 979 3005 bominibus
997 2955 1144 3023 ingenuis,
1173 2964 1202 3009 et
1220 2960 1247 3025 (q
1265 2960 1298 3010 17

72 3039 150 3105 sqq.)
171 3042 204 3089 de
223 3039 401 3102 Sigillaribus
421 3038 550 3099 disputet.
598 3039 638 3087 Ab
659 3037 774 3088 Aurelio
792 3041 958 3101 symmacho
976 3045 1095 3104 regatus
1114 3042 1155 3106 (c.
1171 3043 1228 3104 tt.)
1247 3045 1300 3094 de·

73 3129 129 3184 eet,
148 3125 286 3186 quomedo
306 3136 406 3174 annum
426 3121 599 3172 ordinaverit
615 3123 763 3188 Remurlua,
781 3123 970 3187 mensiumque
989 3126 1112 3187 explieat
1129 3127 1252 3194 nomina,
1269 3129 1298 3179 ln

74 3208 173 3271 quibus
190 3207 281 3262 Maius
298 3220 359 3257 eum
380 3207 456 3258 duruit
475 3206 509 3256 ad
529 3205 632 3256 Maiam
652 3211 680 3256 et
700 3209 803 3257 Ponam
820 3210 917 3259 Deam.
969 3209 1076 3260 Deinde
1092 3217 1133 3274 tc.
1151 3211 1208 3276 ii.)
1225 3226 1298 3275 quae

72 3293 223 3344 novaverit
238 3295 325 3342 Numa
344 3289 559 3342 intercalatione
577 3291 744 3352 praesertim
761 3292 901 3357 instituta,
919 3297 948 3342 et
965 3293 1006 3357 (e.
1023 3292 1081 3356 11.)
1100 3297 1237 3357 quomode
1255 3297 1299 3346 in-

73 3381 178 3427 certam
199 3382 352 3438 temporum
374 3376 510 3426 rationem
535 3375 570 3424 ad
592 3375 741 3426 certiorem
765 3389 889 3428 normam
909 3378 1053 3439 redegerit
1071 3377 1103 3428 c.
1117 3378 1205 3428 lulium
1225 3378 1300 3428 Gae-

74 3475 123 3512 sar
145 3465 255 3524 etpost
274 3474 334 3511 eum
352 3463 508 3524 Augustus.
559 3459 638 3509 Tunc
656 3462 734 3510 llere
753 3459 899 3525 flagitante
922 3461 1039 3511 disserit
1055 3460 1096 3525 (c.
1111 3460 1169 3526 lb.)
1189 3463 1223 3512 de
1243 3461 1300 3514 ca-

73 3545 165 3596 lendls
184 3545 278 3596 idibus
298 3544 401 3608 Nouis,
436 3542 597 3608 attolli.)
620 3544 653 3592 de
678 3545 776 3594 diebus
800 3547 882 3596 iestis
907 3544 1042 3608 preiestis
1063 3546 1146 3596 iestis
1171 3549 1300 3602 comitia-

73 3631 148 3680 libus
173 3629 396 3692 comperendinis
422 3627 505 3678 statis
535 3628 729 3688 praeliaribus.
777 3632 901 3694 [leuique
931 3631 1009 3696 (inde
1031 3645 1049 3683 e
1069 3630 1082 3698 ᾗ
1104 3632 1160 3697 38.)
1186 3635 1299 3686 subiicit

74 3714 238 3765 Eustetbius
262 3727 333 3777 qnae
357 3715 391 3763 ab
418 3713 568 3776 Aegyptiis
592 3704 718 3776 quaeque
742 3727 760 3763 a
785 3715 904 3794 Graecis
927 3722 1069 3769 mutuatus
1091 3718 1130 3768 sit
1153 3717 1184 3768 G.
1209 3719 1298 3769 lulius

76 3797 193 3862 Caesar,
212 3811 267 3860 qua
284 3798 313 3848 in
330 3811 361 3850 re
382 3811 443 3848 eum
460 3801 554 3847 utetur
564 3798 676 3862 Virgilii
694 3798 804 3850 verbis:
830 3801 881 3852 Vos
897 3817 997 3868 quoque
1014 3803 1142 3854 labantem
1158 3802 1231 3852 caelo
1253 3803 1299 3868 qui

75 3881 171 3934 ducitis
188 3898 301 3945 annam,
327 3881 406 3932 Liber
424 3887 449 3932 ct
466 3882 539 3931 elma
564 3882 655 3947 Ceres,
674 3883 799 3934 Avienus
818 3884 859 3949 (e.
878 3885 936 3952 17.)
955 3887 1022 3938 dicit
1041 3902 1074 3942 se
1093 3885 1204 3949 mirari,
1224 3885 1298 3945 qued

75 3968 121 4017 ael
138 3967 218 4016 mede
237 3965 377 4028 Apollinis
402 3967 483 4018 mode
500 3965 594 4016 Liberi
618 3969 699 4019 mede
719 3969 784 4019 aliis
803 3970 958 4022 nominibus
977 3973 1103 4035 colatur,
1140 3966 1264 4036 petitque
1281 3981 1299 4016 a

77 4051 183 4117 Vettio,
202 4055 233 4102 ut
253 4051 307 4102 sibi
323 4050 432 4113 aperiet
450 4064 564 4102 eausam
582 4053 664 4102 buius
683 4055 821 4106 neminum
839 4055 997 4122 uarietatis,
1014 4055 1062 4117 qui
1077 4050 1230 4112 respondet
1249 4064 1299 4100 se-

75 4137 129 4188 lem
147 4125 265 4186 emnium
284 4147 355 4200 quae
374 4135 452 4186 eirea
475 4149 528 4187 nes
548 4141 684 4200 gerantur
706 4153 773 4190 esse
792 4144 936 4191 auctorem
962 4143 991 4188 et
1010 4138 1138 4186 diverses
1161 4130 1223 4182 eiua
1240 4135 1299 4188 vir·

78 4225 151 4271 tutes
169 4221 280 4270 nomina
298 4220 410 4269 dedisse
426 4221 495 4286 diis,
530 4224 559 4269 et
575 4221 689 4288 primum
709 4225 789 4274 uaria
811 4223 950 4285 Apollinis
968 4220 1101 4272 recenset
1119 4221 1297 4289 cognomina,

77 4305 175 4356 deinde
197 4306 282 4354 docet
303 4303 342 4369 (e.
364 4303 421 4368 18.)
446 4291 701 4367 biberum'patrem
727 4315 757 4357 et
778 4308 818 4369 (c.
842 4306 899 4367 19.)
923 4307 1039 4354 Martem
1064 4303 1298 4376 Mercuriumque,

78 4389 118 4454 (c.
136 4390 193 4454 au.)
213 4389 409 4451 Aesculapium
429 4389 576 4438 Herculem
597 4389 722 4451 Sarapim
743 4396 826 4450 atque
844 4388 926 4452 isim,
964 4387 1009 4452 (e.
1024 4388 1081 4456 tt.)
1108 4391 1224 4442 Adonim
1248 4398 1299 4443 At-

80 4474 160 4523 tinem
178 4473 282 4524 Osirim
298 4476 401 4524 ilerum
426 4471 627 4534 duodecimque
652 4472 767 4522 zodiaci
789 4471 887 4536 signa,
924 4474 964 4537 (e.
981 4476 1038 4536 tt.)
1057 4477 1195 4528 Nemesim
1212 4477 1299 4540 Pana,

79 4571 157 4622 quem
177 4564 280 4608 vocent
299 4557 411 4623 lunum,
435 4561 598 4619 saturanum,
629 4556 669 4618 (e.
689 4555 747 4620 28.)
767 4555 861 4605 levem
879 4560 1118 4626 Assyriorumque
1137 4560 1215 4610 Adaei
1232 4556 1299 4606 nibil

1051 4653 1096 4728 [2]
