<?xml version="1.0" encoding="UTF-8"?>
<!DOCTYPE html PUBLIC "-//W3C//DTD XHTML 1.0 Transitional//EN"
    "http://www.w3.org/TR/xhtml1/DTD/xhtml1-transitional.dtd">
<html xmlns="http://www.w3.org/1999/xhtml" xml:lang="en" lang="en">
 <head>
  <title>
</title>
<meta http-equiv="Content-Type" content="text/html;charset=utf-8" />
  <meta name='ocr-system' content='tesseract 3.04.00' />
  <meta name='ocr-capabilities' content='ocr_page ocr_carea ocr_par ocr_line ocrx_word'/>
</head>
<body>
  <div class='ocr_page' id='page_1' title='image "./macrobiiambrosi02jangoog_0016.png"; bbox 0 0 2950 4992; ppageno 0'>
   <div class='ocr_carea' id='block_1_1' title="bbox 140 150 849 222">
    <p class='ocr_par' dir='ltr' id='par_1_1' title="bbox 140 150 849 222">
     <span class='ocr_line' id='line_1_1' title="bbox 140 150 849 222; baseline -0.003 -3"><span class='ocrx_word' id='word_1_1' title='bbox 140 150 204 219; x_wconf 78' lang='lat' dir='ltr'><strong>llll</strong></span> <span class='ocrx_word' id='word_1_2' title='bbox 656 171 849 222; x_wconf 71' lang='lat' dir='ltr'><strong>rasurum.</strong></span> 
     </span>
    </p>
   </div>
   <div class='ocr_carea' id='block_1_2' title="bbox 131 316 1359 3562">
    <p class='ocr_par' dir='ltr' id='par_1_2' title="bbox 131 316 1359 3562">
     <span class='ocr_line' id='line_1_2' title="bbox 140 316 1358 407; baseline 0.006 -23"><span class='ocrx_word' id='word_1_3' title='bbox 140 317 226 387; x_wconf 88' lang='lat' dir='ltr'><strong>dium</strong></span> <span class='ocrx_word' id='word_1_4' title='bbox 248 317 461 404; x_wconf 74' lang='lat' dir='ltr'><strong>complectitur</strong></span> <span class='ocrx_word' id='word_1_5' title='bbox 482 339 589 388; x_wconf 86' lang='lat' dir='ltr'><strong>omnes</strong></span> <span class='ocrx_word' id='word_1_6' title='bbox 609 319 797 388; x_wconf 67' lang='lat' dir='ltr'><strong>editiow</strong></span> <span class='ocrx_word' id='word_1_7' title='bbox 819 339 870 386; x_wconf 88' lang='lat' dir='ltr'><strong>me</strong></span> <span class='ocrx_word' id='word_1_8' title='bbox 895 339 1052 398; x_wconf 69' lang='lat' dir='ltr'><strong>exclusas,</strong></span> <span class='ocrx_word' id='word_1_9' title='bbox 1083 316 1185 387; x_wconf 82' lang='lat' dir='ltr'><strong>idest</strong></span> <span class='ocrx_word' id='word_1_10' title='bbox 1204 341 1358 407; x_wconf 80' lang='lat' dir='ltr'><strong>quaecun-</strong></span> 
     </span>
     <span class='ocr_line' id='line_1_3' title="bbox 141 420 1358 506; baseline 0.005 -21"><span class='ocrx_word' id='word_1_11' title='bbox 141 440 202 506; x_wconf 85' lang='lat' dir='ltr'><strong>que</strong></span> <span class='ocrx_word' id='word_1_12' title='bbox 222 427 319 486; x_wconf 88' lang='lat' dir='ltr'><strong>artem</strong></span> <span class='ocrx_word' id='word_1_13' title='bbox 341 421 477 488; x_wconf 86' lang='lat' dir='ltr'><strong>criticam</strong></span> <span class='ocrx_word' id='word_1_14' title='bbox 497 422 648 488; x_wconf 79' lang='lat' dir='ltr'><strong>exercenti</strong></span> <span class='ocrx_word' id='word_1_15' title='bbox 673 421 802 487; x_wconf 89' lang='lat' dir='ltr'><strong>alicuius</strong></span> <span class='ocrx_word' id='word_1_16' title='bbox 827 427 900 488; x_wconf 88' lang='lat' dir='ltr'><strong>suut</strong></span> <span class='ocrx_word' id='word_1_17' title='bbox 921 420 1079 492; x_wconf 79' lang='lat' dir='ltr'><strong>momenti</strong></span> <span class='ocrx_word' id='word_1_18' title='bbox 1122 421 1244 490; x_wconf 79' lang='lat' dir='ltr'><strong>Eodem</strong></span> <span class='ocrx_word' id='word_1_19' title='bbox 1266 425 1358 492; x_wconf 90' lang='lat' dir='ltr'><strong>modo</strong></span> 
     </span>
     <span class='ocr_line' id='line_1_4' title="bbox 140 522 1359 610; baseline 0.005 -24"><span class='ocrx_word' id='word_1_20' title='bbox 140 522 172 587; x_wconf 95' lang='lat' dir='ltr'><strong>in</strong></span> <span class='ocrx_word' id='word_1_21' title='bbox 201 523 322 589; x_wconf 90' lang='lat' dir='ltr'><strong>sinistra</strong></span> <span class='ocrx_word' id='word_1_22' title='bbox 352 523 459 608; x_wconf 83' lang='lat' dir='ltr'><strong>quevis</strong></span> <span class='ocrx_word' id='word_1_23' title='bbox 483 523 605 610; x_wconf 78' lang='lat' dir='ltr'><strong>pagine,</strong></span> <span class='ocrx_word' id='word_1_24' title='bbox 637 531 738 589; x_wconf 90' lang='lat' dir='ltr'><strong>utne</strong></span> <span class='ocrx_word' id='word_1_25' title='bbox 769 523 898 589; x_wconf 90' lang='lat' dir='ltr'><strong>dubium</strong></span> <span class='ocrx_word' id='word_1_26' title='bbox 927 530 1021 601; x_wconf 87' lang='lat' dir='ltr'><strong>esset,</strong></span> <span class='ocrx_word' id='word_1_27' title='bbox 1054 542 1188 607; x_wconf 88' lang='lat' dir='ltr'><strong>quorum</strong></span> <span class='ocrx_word' id='word_1_28' title='bbox 1217 525 1359 592; x_wconf 88' lang='lat' dir='ltr'><strong>codicum</strong></span> 
     </span>
     <span class='ocr_line' id='line_1_5' title="bbox 140 623 1357 712; baseline 0.005 -22"><span class='ocrx_word' id='word_1_29' title='bbox 140 625 321 692; x_wconf 85' lang='lat' dir='ltr'><strong>auctoritate</strong></span> <span class='ocrx_word' id='word_1_30' title='bbox 346 624 494 694; x_wconf 77' lang='lat' dir='ltr'><strong>niteretur</strong></span> <span class='ocrx_word' id='word_1_31' title='bbox 516 626 667 712; x_wconf 81' lang='lat' dir='ltr'><strong>scripture</strong></span> <span class='ocrx_word' id='word_1_32' title='bbox 692 645 711 692; x_wconf 84' lang='lat' dir='ltr'><strong>a</strong></span> <span class='ocrx_word' id='word_1_33' title='bbox 737 647 787 693; x_wconf 90' lang='lat' dir='ltr'><strong>me</strong></span> <span class='ocrx_word' id='word_1_34' title='bbox 812 632 949 711; x_wconf 85' lang='lat' dir='ltr'><strong>recepta,</strong></span> <span class='ocrx_word' id='word_1_35' title='bbox 980 623 1121 691; x_wconf 88' lang='lat' dir='ltr'><strong>omnium</strong></span> <span class='ocrx_word' id='word_1_36' title='bbox 1142 626 1286 695; x_wconf 85' lang='lat' dir='ltr'><strong>codicum</strong></span> <span class='ocrx_word' id='word_1_37' title='bbox 1307 650 1357 696; x_wconf 89' lang='lat' dir='ltr'><strong>ao·</strong></span> 
     </span>
     <span class='ocr_line' id='line_1_6' title="bbox 140 727 1358 814; baseline 0.004 -22"><span class='ocrx_word' id='word_1_38' title='bbox 140 735 244 792; x_wconf 87' lang='lat' dir='ltr'><strong>curete</strong></span> <span class='ocrx_word' id='word_1_39' title='bbox 266 727 446 794; x_wconf 87' lang='lat' dir='ltr'><strong>collatorum</strong></span> <span class='ocrx_word' id='word_1_40' title='bbox 471 729 560 814; x_wconf 90' lang='lat' dir='ltr'><strong>posui</strong></span> <span class='ocrx_word' id='word_1_41' title='bbox 593 728 679 813; x_wconf 79' lang='lat' dir='ltr'><strong>signa</strong></span> <span class='ocrx_word' id='word_1_42' title='bbox 708 727 882 814; x_wconf 86' lang='lat' dir='ltr'><strong>praeposito</strong></span> <span class='ocrx_word' id='word_1_43' title='bbox 906 727 994 806; x_wconf 74' lang='lat' dir='ltr'><strong>iae,</strong></span> <span class='ocrx_word' id='word_1_44' title='bbox 1030 727 1115 812; x_wconf 89' lang='lat' dir='ltr'><strong>quod</strong></span> <span class='ocrx_word' id='word_1_45' title='bbox 1141 729 1358 814; x_wconf 82' lang='lat' dir='ltr'><strong>compendium</strong></span> 
     </span>
     <span class='ocr_line' id='line_1_7' title="bbox 139 827 1358 916; baseline 0.005 -22"><span class='ocrx_word' id='word_1_46' title='bbox 139 827 288 912; x_wconf 76' lang='lat' dir='ltr'><strong>significet</strong></span> <span class='ocrx_word' id='word_1_47' title='bbox 308 829 340 894; x_wconf 95' lang='lat' dir='ltr'><strong>in</strong></span> <span class='ocrx_word' id='word_1_48' title='bbox 360 829 427 915; x_wconf 95' lang='lat' dir='ltr'><strong>ipso</strong></span> <span class='ocrx_word' id='word_1_49' title='bbox 451 837 599 916; x_wconf 85' lang='lat' dir='ltr'><strong>apparatu</strong></span> <span class='ocrx_word' id='word_1_50' title='bbox 619 829 725 896; x_wconf 89' lang='lat' dir='ltr'><strong>critico</strong></span> <span class='ocrx_word' id='word_1_51' title='bbox 746 851 855 895; x_wconf 79' lang='lat' dir='ltr'><strong>omnes</strong></span> <span class='ocrx_word' id='word_1_52' title='bbox 875 850 967 914; x_wconf 83' lang='lat' dir='ltr'><strong>supra</strong></span> <span class='ocrx_word' id='word_1_53' title='bbox 990 835 1114 895; x_wconf 77' lang='lat' dir='ltr'><strong>notetus</strong></span> <span class='ocrx_word' id='word_1_54' title='bbox 1133 830 1268 908; x_wconf 84' lang='lat' dir='ltr'><strong>codices,</strong></span> <span class='ocrx_word' id='word_1_55' title='bbox 1299 833 1358 903; x_wconf 81' lang='lat' dir='ltr'><strong>nisi</strong></span> 
     </span>
     <span class='ocr_line' id='line_1_8' title="bbox 139 929 1355 1018; baseline 0.004 -23"><span class='ocrx_word' id='word_1_56' title='bbox 139 930 262 996; x_wconf 80' lang='lat' dir='ltr'><strong>additur</strong></span> <span class='ocrx_word' id='word_1_57' title='bbox 282 931 403 1016; x_wconf 74' lang='lat' dir='ltr'><strong>signum</strong></span> <span class='ocrx_word' id='word_1_58' title='bbox 426 931 454 1016; x_wconf 75' lang='lat' dir='ltr'><strong>i„</strong></span> <span class='ocrx_word' id='word_1_59' title='bbox 469 933 511 1018; x_wconf 83' lang='lat'><strong>⁶⁶),</strong></span> <span class='ocrx_word' id='word_1_60' title='bbox 535 931 633 1017; x_wconf 90' lang='lat' dir='ltr'><strong>quod,</strong></span> <span class='ocrx_word' id='word_1_61' title='bbox 657 931 835 1017; x_wconf 87' lang='lat' dir='ltr'><strong>ubieunque</strong></span> <span class='ocrx_word' id='word_1_62' title='bbox 853 952 916 998; x_wconf 84' lang='lat' dir='ltr'><strong>non</strong></span> <span class='ocrx_word' id='word_1_63' title='bbox 936 929 1059 999; x_wconf 75' lang='lat' dir='ltr'><strong>additur</strong></span> <span class='ocrx_word' id='word_1_64' title='bbox 1078 951 1193 1000; x_wconf 89' lang='lat' dir='ltr'><strong>nomen</strong></span> <span class='ocrx_word' id='word_1_65' title='bbox 1214 932 1281 998; x_wconf 88' lang='lat' dir='ltr'><strong>eius</strong></span> <span class='ocrx_word' id='word_1_66' title='bbox 1302 935 1355 1018; x_wconf 88' lang='lat' dir='ltr'><strong>qui</strong></span> 
     </span>
     <span class='ocr_line' id='line_1_9' title="bbox 139 1033 1355 1120; baseline 0.002 -22"><span class='ocrx_word' id='word_1_67' title='bbox 139 1053 211 1100; x_wconf 87' lang='lat' dir='ltr'><strong>suos</strong></span> <span class='ocrx_word' id='word_1_68' title='bbox 231 1033 354 1098; x_wconf 89' lang='lat' dir='ltr'><strong>codices</strong></span> <span class='ocrx_word' id='word_1_69' title='bbox 374 1054 468 1100; x_wconf 89' lang='lat' dir='ltr'><strong>mann</strong></span> <span class='ocrx_word' id='word_1_70' title='bbox 490 1034 619 1120; x_wconf 89' lang='lat' dir='ltr'><strong>scriptos</strong></span> <span class='ocrx_word' id='word_1_71' title='bbox 642 1034 694 1100; x_wconf 89' lang='lat' dir='ltr'><strong>illo</strong></span> <span class='ocrx_word' id='word_1_72' title='bbox 716 1033 900 1119; x_wconf 84' lang='lat' dir='ltr'><strong>compendio</strong></span> <span class='ocrx_word' id='word_1_73' title='bbox 920 1033 1084 1110; x_wconf 72' lang='lat' dir='ltr'><strong>movent,</strong></span> <span class='ocrx_word' id='word_1_74' title='bbox 1103 1033 1256 1118; x_wconf 77' lang='lat' dir='ltr'><strong>significat</strong></span> <span class='ocrx_word' id='word_1_75' title='bbox 1272 1035 1355 1100; x_wconf 89' lang='lat' dir='ltr'><strong>codi-</strong></span> 
     </span>
     <span class='ocr_line' id='line_1_10' title="bbox 138 1133 1356 1221; baseline 0 -21"><span class='ocrx_word' id='word_1_76' title='bbox 138 1155 189 1200; x_wconf 87' lang='lat' dir='ltr'><strong>ces</strong></span> <span class='ocrx_word' id='word_1_77' title='bbox 209 1134 356 1219; x_wconf 79' lang='lat' dir='ltr'><strong>Anglicos</strong></span> <span class='ocrx_word' id='word_1_78' title='bbox 377 1156 395 1200; x_wconf 89' lang='lat' dir='ltr'><strong>a</strong></span> <span class='ocrx_word' id='word_1_79' title='bbox 418 1135 573 1202; x_wconf 82' lang='lat' dir='ltr'><strong>Gronosio</strong></span> <span class='ocrx_word' id='word_1_80' title='bbox 595 1136 730 1214; x_wconf 89' lang='lat' dir='ltr'><strong>collatos,</strong></span> <span class='ocrx_word' id='word_1_81' title='bbox 750 1135 790 1202; x_wconf 88' lang='lat' dir='ltr'><strong>de</strong></span> <span class='ocrx_word' id='word_1_82' title='bbox 807 1135 920 1221; x_wconf 73' lang='lat' dir='ltr'><strong>quibam</strong></span> <span class='ocrx_word' id='word_1_83' title='bbox 941 1133 1001 1200; x_wconf 83' lang='lat' dir='ltr'><strong>vid.</strong></span> <span class='ocrx_word' id='word_1_84' title='bbox 1020 1134 1188 1220; x_wconf 77' lang='lat' dir='ltr'><strong>prolegom.</strong></span> <span class='ocrx_word' id='word_1_85' title='bbox 1207 1157 1237 1221; x_wconf 94' lang='lat' dir='ltr'><strong>p.</strong></span> <span class='ocrx_word' id='word_1_86' title='bbox 1260 1158 1356 1202; x_wconf 76' lang='grc' dir='ltr'>ιιιιι.</span> 
     </span>
     <span class='ocr_line' id='line_1_11' title="bbox 137 1235 1355 1322; baseline 0.004 -21"><span class='ocrx_word' id='word_1_87' title='bbox 137 1237 174 1301; x_wconf 92' lang='lat' dir='ltr'><strong>In</strong></span> <span class='ocrx_word' id='word_1_88' title='bbox 192 1235 349 1302; x_wconf 79' lang='lat' dir='ltr'><strong>codicibus</strong></span> <span class='ocrx_word' id='word_1_89' title='bbox 369 1237 583 1305; x_wconf 88' lang='lat' dir='ltr'><strong>enumerandis</strong></span> <span class='ocrx_word' id='word_1_90' title='bbox 600 1237 717 1322; x_wconf 89' lang='lat' dir='ltr'><strong>ubique</strong></span> <span class='ocrx_word' id='word_1_91' title='bbox 736 1237 869 1304; x_wconf 88' lang='lat' dir='ltr'><strong>eundem</strong></span> <span class='ocrx_word' id='word_1_92' title='bbox 887 1235 1003 1302; x_wconf 82' lang='lat' dir='ltr'><strong>servavi</strong></span> <span class='ocrx_word' id='word_1_93' title='bbox 1023 1236 1163 1305; x_wconf 86' lang='lat' dir='ltr'><strong>ordinem</strong></span> <span class='ocrx_word' id='word_1_94' title='bbox 1183 1258 1247 1322; x_wconf 87' lang='lat' dir='ltr'><strong>quo</strong></span> <span class='ocrx_word' id='word_1_95' title='bbox 1269 1237 1355 1322; x_wconf 82' lang='lat' dir='ltr'><strong>sigua</strong></span> 
     </span>
     <span class='ocr_line' id='line_1_12' title="bbox 138 1337 1355 1426; baseline 0.002 -24"><span class='ocrx_word' id='word_1_96' title='bbox 138 1357 245 1404; x_wconf 88' lang='lat' dir='ltr'><strong>eorum</strong></span> <span class='ocrx_word' id='word_1_97' title='bbox 268 1337 367 1424; x_wconf 90' lang='lat' dir='ltr'><strong>posita</strong></span> <span class='ocrx_word' id='word_1_98' title='bbox 389 1347 461 1406; x_wconf 87' lang='lat' dir='ltr'><strong>sunt</strong></span> <span class='ocrx_word' id='word_1_99' title='bbox 483 1359 575 1426; x_wconf 91' lang='lat' dir='ltr'><strong>snpra</strong></span> <span class='ocrx_word' id='word_1_100' title='bbox 598 1347 792 1426; x_wconf 86' lang='lat' dir='ltr'><strong>apparatum,</strong></span> <span class='ocrx_word' id='word_1_101' title='bbox 817 1347 911 1424; x_wconf 83' lang='lat' dir='ltr'><strong>atquc</strong></span> <span class='ocrx_word' id='word_1_102' title='bbox 932 1338 1023 1422; x_wconf 88' lang='lat' dir='ltr'><strong>posui</strong></span> <span class='ocrx_word' id='word_1_103' title='bbox 1043 1338 1170 1424; x_wconf 90' lang='lat' dir='ltr'><strong>quidem</strong></span> <span class='ocrx_word' id='word_1_104' title='bbox 1192 1359 1211 1403; x_wconf 89' lang='lat' dir='ltr'><strong>a</strong></span> <span class='ocrx_word' id='word_1_105' title='bbox 1232 1359 1282 1407; x_wconf 91' lang='lat' dir='ltr'><strong>me</strong></span> <span class='ocrx_word' id='word_1_106' title='bbox 1303 1361 1355 1406; x_wconf 86' lang='lat' dir='ltr'><strong>er·</strong></span> 
     </span>
     <span class='ocr_line' id='line_1_13' title="bbox 137 1439 1355 1510; baseline 0.005 -6"><span class='ocrx_word' id='word_1_107' title='bbox 137 1459 242 1506; x_wconf 86' lang='lat' dir='ltr'><strong>cussos</strong></span> <span class='ocrx_word' id='word_1_108' title='bbox 258 1447 337 1506; x_wconf 80' lang='lat' dir='ltr'><strong>ante</strong></span> <span class='ocrx_word' id='word_1_109' title='bbox 363 1461 507 1506; x_wconf 82' lang='lat' dir='ltr'><strong>excussos</strong></span> <span class='ocrx_word' id='word_1_110' title='bbox 535 1442 574 1507; x_wconf 93' lang='lat' dir='ltr'><strong>ab</strong></span> <span class='ocrx_word' id='word_1_111' title='bbox 600 1441 682 1508; x_wconf 90' lang='lat' dir='ltr'><strong>aliis:</strong></span> <span class='ocrx_word' id='word_1_112' title='bbox 720 1441 774 1507; x_wconf 89' lang='lat' dir='ltr'><strong>sed</strong></span> <span class='ocrx_word' id='word_1_113' title='bbox 803 1447 875 1506; x_wconf 88' lang='lat' dir='ltr'><strong>ento</strong></span> <span class='ocrx_word' id='word_1_114' title='bbox 904 1439 1055 1507; x_wconf 85' lang='lat' dir='ltr'><strong>editiones</strong></span> <span class='ocrx_word' id='word_1_115' title='bbox 1085 1441 1206 1508; x_wconf 73' lang='lat' dir='ltr'><strong>nonnbi</strong></span> <span class='ocrx_word' id='word_1_116' title='bbox 1233 1440 1355 1510; x_wconf 84' lang='lat' dir='ltr'><strong>codices</strong></span> 
     </span>
     <span class='ocr_line' id='line_1_14' title="bbox 136 1542 1356 1628; baseline 0.005 -24"><span class='ocrx_word' id='word_1_117' title='bbox 136 1547 276 1606; x_wconf 87' lang='lat' dir='ltr'><strong>accurate</strong></span> <span class='ocrx_word' id='word_1_118' title='bbox 298 1542 423 1606; x_wconf 89' lang='lat' dir='ltr'><strong>collatos</strong></span> <span class='ocrx_word' id='word_1_119' title='bbox 446 1563 499 1608; x_wconf 90' lang='lat' dir='ltr'><strong>eos</strong></span> <span class='ocrx_word' id='word_1_120' title='bbox 518 1563 650 1628; x_wconf 91' lang='lat' dir='ltr'><strong>quorum</strong></span> <span class='ocrx_word' id='word_1_121' title='bbox 672 1542 764 1608; x_wconf 89' lang='lat' dir='ltr'><strong>lectio</strong></span> <span class='ocrx_word' id='word_1_122' title='bbox 785 1543 898 1608; x_wconf 88' lang='lat' dir='ltr'><strong>diserta</strong></span> <span class='ocrx_word' id='word_1_123' title='bbox 919 1550 1000 1607; x_wconf 90' lang='lat' dir='ltr'><strong>esset</strong></span> <span class='ocrx_word' id='word_1_124' title='bbox 1019 1549 1154 1621; x_wconf 84' lang='lat' dir='ltr'><strong>enotata,</strong></span> <span class='ocrx_word' id='word_1_125' title='bbox 1175 1563 1229 1608; x_wconf 90' lang='lat' dir='ltr'><strong>eos</strong></span> <span class='ocrx_word' id='word_1_126' title='bbox 1249 1550 1356 1610; x_wconf 77' lang='lat' dir='ltr'><strong>contra</strong></span> 
     </span>
     <span class='ocr_line' id='line_1_15' title="bbox 136 1642 1353 1727; baseline 0 -19"><span class='ocrx_word' id='word_1_127' title='bbox 136 1642 289 1727; x_wconf 89' lang='lat' dir='ltr'><strong>equibus</strong></span> <span class='ocrx_word' id='word_1_128' title='bbox 312 1643 385 1708; x_wconf 95' lang='lat' dir='ltr'><strong>nihil</strong></span> <span class='ocrx_word' id='word_1_129' title='bbox 413 1652 493 1710; x_wconf 90' lang='lat' dir='ltr'><strong>esset</strong></span> <span class='ocrx_word' id='word_1_130' title='bbox 518 1651 674 1709; x_wconf 89' lang='lat' dir='ltr'><strong>enotatum</strong></span> <span class='ocrx_word' id='word_1_131' title='bbox 703 1665 773 1710; x_wconf 90' lang='lat' dir='ltr'><strong>cum</strong></span> <span class='ocrx_word' id='word_1_132' title='bbox 798 1644 899 1716; x_wconf 91' lang='lat' dir='ltr'><strong>minus</strong></span> <span class='ocrx_word' id='word_1_133' title='bbox 922 1652 1064 1710; x_wconf 87' lang='lat' dir='ltr'><strong>accurate</strong></span> <span class='ocrx_word' id='word_1_134' title='bbox 1086 1643 1202 1710; x_wconf 92' lang='lat' dir='ltr'><strong>collatis</strong></span> <span class='ocrx_word' id='word_1_135' title='bbox 1223 1644 1270 1710; x_wconf 81' lang='lat' dir='ltr'><strong>vel</strong></span> <span class='ocrx_word' id='word_1_136' title='bbox 1292 1644 1353 1709; x_wconf 91' lang='lat' dir='ltr'><strong>sin-</strong></span> 
     </span>
     <span class='ocr_line' id='line_1_16' title="bbox 136 1743 1353 1832; baseline 0.002 -24"><span class='ocrx_word' id='word_1_137' title='bbox 136 1743 214 1829; x_wconf 76' lang='lat' dir='ltr'><strong>gulis</strong></span> <span class='ocrx_word' id='word_1_138' title='bbox 235 1745 449 1810; x_wconf 81' lang='lat' dir='ltr'><strong>tontaunmodo</strong></span> <span class='ocrx_word' id='word_1_139' title='bbox 468 1745 544 1812; x_wconf 89' lang='lat' dir='ltr'><strong>locis</strong></span> <span class='ocrx_word' id='word_1_140' title='bbox 563 1745 706 1832; x_wconf 87' lang='lat' dir='ltr'><strong>inspectis</strong></span> <span class='ocrx_word' id='word_1_141' title='bbox 726 1745 844 1812; x_wconf 90' lang='lat' dir='ltr'><strong>subieci</strong></span> <span class='ocrx_word' id='word_1_142' title='bbox 864 1744 1063 1823; x_wconf 82' lang='lat' dir='ltr'><strong>editionibus,</strong></span> <span class='ocrx_word' id='word_1_143' title='bbox 1094 1754 1132 1814; x_wconf 88' lang='lat' dir='ltr'><strong>ut</strong></span> <span class='ocrx_word' id='word_1_144' title='bbox 1154 1746 1275 1832; x_wconf 81' lang='lat' dir='ltr'><strong>signum</strong></span> <span class='ocrx_word' id='word_1_145' title='bbox 1302 1767 1353 1812; x_wconf 87' lang='lat' dir='ltr'><strong>co·</strong></span> 
     </span>
     <span class='ocr_line' id='line_1_17' title="bbox 136 1845 1355 1934; baseline 0.003 -22"><span class='ocrx_word' id='word_1_146' title='bbox 136 1845 212 1912; x_wconf 89' lang='lat' dir='ltr'><strong>diois</strong></span> <span class='ocrx_word' id='word_1_147' title='bbox 237 1854 378 1912; x_wconf 87' lang='lat' dir='ltr'><strong>accurate</strong></span> <span class='ocrx_word' id='word_1_148' title='bbox 402 1847 504 1912; x_wconf 87' lang='lat' dir='ltr'><strong>collati</strong></span> <span class='ocrx_word' id='word_1_149' title='bbox 529 1856 600 1934; x_wconf 92' lang='lat' dir='ltr'><strong>post</strong></span> <span class='ocrx_word' id='word_1_150' title='bbox 625 1846 776 1914; x_wconf 86' lang='lat' dir='ltr'><strong>editiones</strong></span> <span class='ocrx_word' id='word_1_151' title='bbox 800 1847 935 1934; x_wconf 89' lang='lat' dir='ltr'><strong>positum</strong></span> <span class='ocrx_word' id='word_1_152' title='bbox 961 1868 1025 1913; x_wconf 92' lang='lat' dir='ltr'><strong>non</strong></span> <span class='ocrx_word' id='word_1_153' title='bbox 1050 1847 1109 1913; x_wconf 92' lang='lat' dir='ltr'><strong>nisi</strong></span> <span class='ocrx_word' id='word_1_154' title='bbox 1133 1849 1262 1916; x_wconf 81' lang='lat' dir='ltr'><strong>tacitum</strong></span> <span class='ocrx_word' id='word_1_155' title='bbox 1287 1848 1355 1916; x_wconf 84' lang='lat' dir='ltr'><strong>eius</strong></span> 
     </span>
     <span class='ocr_line' id='line_1_18' title="bbox 136 1948 1354 2037; baseline 0.003 -25"><span class='ocrx_word' id='word_1_156' title='bbox 136 1967 319 2012; x_wconf 90' lang='lat' dir='ltr'><strong>consensum</strong></span> <span class='ocrx_word' id='word_1_157' title='bbox 344 1967 415 2014; x_wconf 90' lang='lat' dir='ltr'><strong>cum</strong></span> <span class='ocrx_word' id='word_1_158' title='bbox 443 1948 578 2015; x_wconf 87' lang='lat' dir='ltr'><strong>editione</strong></span> <span class='ocrx_word' id='word_1_159' title='bbox 604 1969 737 2036; x_wconf 69' lang='lat' dir='ltr'><strong>precum</strong></span> <span class='ocrx_word' id='word_1_160' title='bbox 764 1949 805 2015; x_wconf 92' lang='lat' dir='ltr'><strong>sit</strong></span> <span class='ocrx_word' id='word_1_161' title='bbox 829 1950 958 2016; x_wconf 90' lang='lat' dir='ltr'><strong>collatus</strong></span> <span class='ocrx_word' id='word_1_162' title='bbox 982 1948 1133 2034; x_wconf 80' lang='lat' dir='ltr'><strong>significet</strong></span> <span class='ocrx_word' id='word_1_163' title='bbox 1157 1953 1194 2037; x_wconf 75' lang='grc'><strong>7).</strong></span> <span class='ocrx_word' id='word_1_164' title='bbox 1240 1949 1354 2018; x_wconf 89' lang='lat' dir='ltr'><strong>Omnia</strong></span> 
     </span>
     <span class='ocr_line' id='line_1_19' title="bbox 134 2049 1350 2146; baseline -0.002 -30"><span class='ocrx_word' id='word_1_165' title='bbox 134 2057 238 2118; x_wconf 87' lang='lat' dir='ltr'><strong>autem</strong></span> <span class='ocrx_word' id='word_1_166' title='bbox 255 2049 344 2146; x_wconf 38' lang='lat' dir='ltr'><strong>,signe</strong></span> <span class='ocrx_word' id='word_1_167' title='bbox 363 2049 535 2116; x_wconf 87' lang='lat' dir='ltr'><strong>reseruntur</strong></span> <span class='ocrx_word' id='word_1_168' title='bbox 556 2051 595 2117; x_wconf 90' lang='lat' dir='ltr'><strong>ad</strong></span> <span class='ocrx_word' id='word_1_169' title='bbox 616 2072 652 2118; x_wconf 89' lang='lat' dir='ltr'><strong>ea</strong></span> <span class='ocrx_word' id='word_1_170' title='bbox 671 2071 751 2137; x_wconf 87' lang='lat' dir='ltr'><strong>quac</strong></span> <span class='ocrx_word' id='word_1_171' title='bbox 769 2052 964 2129; x_wconf 87' lang='lat' dir='ltr'><strong>antecedunt,</strong></span> <span class='ocrx_word' id='word_1_172' title='bbox 984 2051 1068 2119; x_wconf 89' lang='lat' dir='ltr'><strong>nulla</strong></span> <span class='ocrx_word' id='word_1_173' title='bbox 1086 2050 1125 2117; x_wconf 85' lang='lat' dir='ltr'><strong>ad</strong></span> <span class='ocrx_word' id='word_1_174' title='bbox 1144 2072 1181 2118; x_wconf 88' lang='lat' dir='ltr'><strong>ea</strong></span> <span class='ocrx_word' id='word_1_175' title='bbox 1202 2072 1282 2136; x_wconf 88' lang='lat' dir='ltr'><strong>quae</strong></span> <span class='ocrx_word' id='word_1_176' title='bbox 1302 2070 1350 2115; x_wconf 89' lang='lat' dir='ltr'><strong>se·</strong></span> 
     </span>
     <span class='ocr_line' id='line_1_20' title="bbox 135 2149 1351 2239; baseline -0.002 -22"><span class='ocrx_word' id='word_1_177' title='bbox 135 2159 281 2238; x_wconf 82' lang='lat' dir='ltr'><strong>quantur.</strong></span> <span class='ocrx_word' id='word_1_178' title='bbox 326 2152 486 2238; x_wconf 85' lang='lat' dir='ltr'><strong>Quidquid</strong></span> <span class='ocrx_word' id='word_1_179' title='bbox 505 2152 679 2218; x_wconf 90' lang='lat' dir='ltr'><strong>addendum</strong></span> <span class='ocrx_word' id='word_1_180' title='bbox 700 2160 766 2220; x_wconf 87' lang='lat' dir='ltr'><strong>erat</strong></span> <span class='ocrx_word' id='word_1_181' title='bbox 786 2153 871 2239; x_wconf 86' lang='lat' dir='ltr'><strong>quod</strong></span> <span class='ocrx_word' id='word_1_182' title='bbox 891 2152 931 2218; x_wconf 89' lang='lat' dir='ltr'><strong>ad</strong></span> <span class='ocrx_word' id='word_1_183' title='bbox 953 2153 1090 2238; x_wconf 78' lang='lat' dir='ltr'><strong>singsdos</strong></span> <span class='ocrx_word' id='word_1_184' title='bbox 1115 2151 1236 2219; x_wconf 90' lang='lat' dir='ltr'><strong>codices</strong></span> <span class='ocrx_word' id='word_1_185' title='bbox 1259 2149 1351 2235; x_wconf 91' lang='lat' dir='ltr'><strong>perti-</strong></span> 
     </span>
     <span class='ocr_line' id='line_1_21' title="bbox 134 2251 1353 2341; baseline -0.002 -21"><span class='ocrx_word' id='word_1_186' title='bbox 134 2261 235 2332; x_wconf 88' lang='lat' dir='ltr'><strong>neret,</strong></span> <span class='ocrx_word' id='word_1_187' title='bbox 267 2275 338 2320; x_wconf 89' lang='lat' dir='ltr'><strong>curn</strong></span> <span class='ocrx_word' id='word_1_188' title='bbox 357 2253 468 2320; x_wconf 82' lang='lat' dir='ltr'><strong>honam</strong></span> <span class='ocrx_word' id='word_1_189' title='bbox 490 2255 583 2341; x_wconf 81' lang='lat' dir='ltr'><strong>signis</strong></span> <span class='ocrx_word' id='word_1_190' title='bbox 603 2254 691 2320; x_wconf 91' lang='lat' dir='ltr'><strong>uncis</strong></span> <span class='ocrx_word' id='word_1_191' title='bbox 713 2255 832 2321; x_wconf 87' lang='lat' dir='ltr'><strong>inclusi.</strong></span> <span class='ocrx_word' id='word_1_192' title='bbox 875 2255 979 2320; x_wconf 82' lang='lat' dir='ltr'><strong>Verba</strong></span> <span class='ocrx_word' id='word_1_193' title='bbox 996 2275 1033 2320; x_wconf 79' lang='lat' dir='ltr'><strong>ea</strong></span> <span class='ocrx_word' id='word_1_194' title='bbox 1054 2274 1135 2338; x_wconf 76' lang='lat' dir='ltr'><strong>qaue</strong></span> <span class='ocrx_word' id='word_1_195' title='bbox 1156 2253 1188 2318; x_wconf 91' lang='lat' dir='ltr'><strong>in</strong></span> <span class='ocrx_word' id='word_1_196' title='bbox 1206 2251 1353 2319; x_wconf 90' lang='lat' dir='ltr'><strong>orationis</strong></span> 
     </span>
     <span class='ocr_line' id='line_1_22' title="bbox 134 2354 1352 2444; baseline -0.002 -24"><span class='ocrx_word' id='word_1_197' title='bbox 134 2362 311 2425; x_wconf 83' lang='lat' dir='ltr'><strong>contextum</strong></span> <span class='ocrx_word' id='word_1_198' title='bbox 335 2355 437 2442; x_wconf 89' lang='lat' dir='ltr'><strong>recepi</strong></span> <span class='ocrx_word' id='word_1_199' title='bbox 459 2377 522 2422; x_wconf 93' lang='lat' dir='ltr'><strong>non</strong></span> <span class='ocrx_word' id='word_1_200' title='bbox 550 2357 582 2422; x_wconf 91' lang='lat' dir='ltr'><strong>in</strong></span> <span class='ocrx_word' id='word_1_201' title='bbox 604 2364 752 2444; x_wconf 88' lang='lat' dir='ltr'><strong>apparatu</strong></span> <span class='ocrx_word' id='word_1_202' title='bbox 776 2357 884 2424; x_wconf 92' lang='lat' dir='ltr'><strong>critico</strong></span> <span class='ocrx_word' id='word_1_203' title='bbox 906 2355 996 2442; x_wconf 90' lang='lat' dir='ltr'><strong>posui</strong></span> <span class='ocrx_word' id='word_1_204' title='bbox 1022 2355 1105 2440; x_wconf 82' lang='lat' dir='ltr'><strong>(iude</strong></span> <span class='ocrx_word' id='word_1_205' title='bbox 1127 2376 1146 2422; x_wconf 84' lang='lat' dir='ltr'><strong>a</strong></span> <span class='ocrx_word' id='word_1_206' title='bbox 1165 2354 1235 2421; x_wconf 92' lang='lat' dir='ltr'><strong>libri</strong></span> <span class='ocrx_word' id='word_1_207' title='bbox 1255 2356 1281 2420; x_wconf 90' lang='grc' dir='ltr'><strong>Ι.</strong></span> <span class='ocrx_word' id='word_1_208' title='bbox 1302 2373 1352 2418; x_wconf 88' lang='lat' dir='ltr'><strong>ca·</strong></span> 
     </span>
     <span class='ocr_line' id='line_1_23' title="bbox 133 2455 1352 2544; baseline 0.001 -22"><span class='ocrx_word' id='word_1_209' title='bbox 133 2457 196 2544; x_wconf 89' lang='lat' dir='ltr'><strong>pite</strong></span> <span class='ocrx_word' id='word_1_210' title='bbox 214 2459 265 2524; x_wconf 75' lang='lat'><strong>21.</strong></span> <span class='ocrx_word' id='word_1_211' title='bbox 289 2465 386 2535; x_wconf 89' lang='lat' dir='ltr'><strong>certe,</strong></span> <span class='ocrx_word' id='word_1_212' title='bbox 411 2479 482 2522; x_wconf 89' lang='lat' dir='ltr'><strong>nam</strong></span> <span class='ocrx_word' id='word_1_213' title='bbox 503 2458 535 2522; x_wconf 96' lang='lat' dir='ltr'><strong>in</strong></span> <span class='ocrx_word' id='word_1_214' title='bbox 556 2460 805 2526; x_wconf 84' lang='lat' dir='ltr'><strong>antecedentibus</strong></span> <span class='ocrx_word' id='word_1_215' title='bbox 825 2457 983 2544; x_wconf 79' lang='lat' dir='ltr'><strong>capitibus.</strong></span> <span class='ocrx_word' id='word_1_216' title='bbox 997 2457 1142 2524; x_wconf 90' lang='lat' dir='ltr'><strong>omnibus</strong></span> <span class='ocrx_word' id='word_1_217' title='bbox 1160 2475 1257 2542; x_wconf 90' lang='lat' dir='ltr'><strong>paene</strong></span> <span class='ocrx_word' id='word_1_218' title='bbox 1276 2455 1352 2523; x_wconf 87' lang='lat' dir='ltr'><strong>locis</strong></span> 
     </span>
     <span class='ocr_line' id='line_1_24' title="bbox 133 2556 1352 2646; baseline -0.002 -22"><span class='ocrx_word' id='word_1_219' title='bbox 133 2559 165 2626; x_wconf 93' lang='lat' dir='ltr'><strong>id</strong></span> <span class='ocrx_word' id='word_1_220' title='bbox 187 2559 255 2637; x_wconf 87' lang='lat' dir='ltr'><strong>leci,</strong></span> <span class='ocrx_word' id='word_1_221' title='bbox 272 2560 327 2626; x_wconf 91' lang='lat' dir='ltr'><strong>ubi</strong></span> <span class='ocrx_word' id='word_1_222' title='bbox 349 2581 368 2626; x_wconf 89' lang='lat' dir='ltr'><strong>a</strong></span> <span class='ocrx_word' id='word_1_223' title='bbox 388 2560 519 2626; x_wconf 89' lang='lat' dir='ltr'><strong>lectione</strong></span> <span class='ocrx_word' id='word_1_224' title='bbox 540 2561 661 2646; x_wconf 82' lang='lat' dir='ltr'><strong>urlgata</strong></span> <span class='ocrx_word' id='word_1_225' title='bbox 684 2562 759 2628; x_wconf 91' lang='lat' dir='ltr'><strong>mihi</strong></span> <span class='ocrx_word' id='word_1_226' title='bbox 777 2560 933 2628; x_wconf 85' lang='lat' dir='ltr'><strong>videretur</strong></span> <span class='ocrx_word' id='word_1_227' title='bbox 952 2580 1020 2625; x_wconf 91' lang='lat' dir='ltr'><strong>esse</strong></span> <span class='ocrx_word' id='word_1_228' title='bbox 1040 2558 1271 2644; x_wconf 70' lang='lat' dir='ltr'><strong>recedendum),</strong></span> <span class='ocrx_word' id='word_1_229' title='bbox 1293 2556 1352 2622; x_wconf 91' lang='lat' dir='ltr'><strong>nisi</strong></span> 
     </span>
     <span class='ocr_line' id='line_1_25' title="bbox 133 2657 1351 2750; baseline -0.005 -22"><span class='ocrx_word' id='word_1_230' title='bbox 133 2670 187 2730; x_wconf 92' lang='lat' dir='ltr'><strong>aut</strong></span> <span class='ocrx_word' id='word_1_231' title='bbox 205 2662 326 2728; x_wconf 88' lang='lat' dir='ltr'><strong>codices</strong></span> <span class='ocrx_word' id='word_1_232' title='bbox 347 2661 524 2726; x_wconf 87' lang='lat' dir='ltr'><strong>nominandi</strong></span> <span class='ocrx_word' id='word_1_233' title='bbox 546 2672 647 2730; x_wconf 88' lang='lat' dir='ltr'><strong>essent</strong></span> <span class='ocrx_word' id='word_1_234' title='bbox 668 2664 795 2750; x_wconf 78' lang='lat' dir='ltr'><strong>singulis</strong></span> <span class='ocrx_word' id='word_1_235' title='bbox 817 2671 937 2731; x_wconf 90' lang='lat' dir='ltr'><strong>tentum</strong></span> <span class='ocrx_word' id='word_1_236' title='bbox 961 2663 1037 2730; x_wconf 92' lang='lat' dir='ltr'><strong>locis</strong></span> <span class='ocrx_word' id='word_1_237' title='bbox 1059 2660 1202 2748; x_wconf 89' lang='lat' dir='ltr'><strong>inspecti,</strong></span> <span class='ocrx_word' id='word_1_238' title='bbox 1224 2666 1280 2732; x_wconf 89' lang='lat' dir='ltr'><strong>aut</strong></span> <span class='ocrx_word' id='word_1_239' title='bbox 1297 2657 1351 2723; x_wconf 89' lang='lat' dir='ltr'><strong>ed·</strong></span> 
     </span>
     <span class='ocr_line' id='line_1_26' title="bbox 133 2759 1353 2851; baseline -0.006 -19"><span class='ocrx_word' id='word_1_240' title='bbox 133 2763 233 2832; x_wconf 89' lang='lat' dir='ltr'><strong>denda</strong></span> <span class='ocrx_word' id='word_1_241' title='bbox 260 2771 340 2830; x_wconf 89' lang='lat' dir='ltr'><strong>esset</strong></span> <span class='ocrx_word' id='word_1_242' title='bbox 364 2763 521 2829; x_wconf 78' lang='lat' dir='ltr'><strong>adnotatio</strong></span> <span class='ocrx_word' id='word_1_243' title='bbox 547 2766 706 2851; x_wconf 88' lang='lat' dir='ltr'><strong>quaedam.</strong></span> <span class='ocrx_word' id='word_1_244' title='bbox 754 2767 832 2832; x_wconf 88' lang='lat' dir='ltr'><strong>Nem</strong></span> <span class='ocrx_word' id='word_1_245' title='bbox 858 2766 995 2850; x_wconf 89' lang='lat' dir='ltr'><strong>priorum</strong></span> <span class='ocrx_word' id='word_1_246' title='bbox 1020 2765 1175 2830; x_wconf 88' lang='lat' dir='ltr'><strong>editorum</strong></span> <span class='ocrx_word' id='word_1_247' title='bbox 1199 2769 1231 2826; x_wconf 92' lang='lat' dir='ltr'><strong>et</strong></span> <span class='ocrx_word' id='word_1_248' title='bbox 1254 2759 1353 2826; x_wconf 87' lang='lat' dir='ltr'><strong>Medii</strong></span> 
     </span>
     <span class='ocr_line' id='line_1_27' title="bbox 132 2864 1352 2953; baseline -0.004 -21"><span class='ocrx_word' id='word_1_249' title='bbox 132 2865 312 2951; x_wconf 84' lang='lat' dir='ltr'><strong>Bartbiique</strong></span> <span class='ocrx_word' id='word_1_250' title='bbox 336 2864 547 2932; x_wconf 87' lang='lat' dir='ltr'><strong>adnotationes</strong></span> <span class='ocrx_word' id='word_1_251' title='bbox 571 2888 650 2953; x_wconf 87' lang='lat' dir='ltr'><strong>quae</strong></span> <span class='ocrx_word' id='word_1_252' title='bbox 674 2869 713 2932; x_wconf 90' lang='lat' dir='ltr'><strong>de</strong></span> <span class='ocrx_word' id='word_1_253' title='bbox 739 2866 953 2933; x_wconf 79' lang='lat' dir='ltr'><strong>emendatione</strong></span> <span class='ocrx_word' id='word_1_254' title='bbox 979 2866 1039 2930; x_wconf 95' lang='lat' dir='ltr'><strong>loci</strong></span> <span class='ocrx_word' id='word_1_255' title='bbox 1065 2864 1193 2930; x_wconf 89' lang='lat' dir='ltr'><strong>alicuius</strong></span> <span class='ocrx_word' id='word_1_256' title='bbox 1218 2870 1352 2947; x_wconf 81' lang='lat' dir='ltr'><strong>egerent,</strong></span> 
     </span>
     <span class='ocr_line' id='line_1_28' title="bbox 133 2963 1351 3054; baseline -0.005 -20"><span class='ocrx_word' id='word_1_257' title='bbox 133 2967 252 3034; x_wconf 89' lang='lat' dir='ltr'><strong>etiamsi</strong></span> <span class='ocrx_word' id='word_1_258' title='bbox 273 2989 323 3032; x_wconf 86' lang='lat' dir='ltr'><strong>eas</strong></span> <span class='ocrx_word' id='word_1_259' title='bbox 346 2967 560 3052; x_wconf 77' lang='lat' dir='ltr'><strong>improbarem,</strong></span> <span class='ocrx_word' id='word_1_260' title='bbox 578 2969 736 3054; x_wconf 92' lang='lat' dir='ltr'><strong>apparatui</strong></span> <span class='ocrx_word' id='word_1_261' title='bbox 755 2968 862 3034; x_wconf 90' lang='lat' dir='ltr'><strong>critico</strong></span> <span class='ocrx_word' id='word_1_262' title='bbox 882 2965 1057 3032; x_wconf 90' lang='lat' dir='ltr'><strong>inserendas</strong></span> <span class='ocrx_word' id='word_1_263' title='bbox 1077 2985 1144 3028; x_wconf 90' lang='lat' dir='ltr'><strong>esse</strong></span> <span class='ocrx_word' id='word_1_264' title='bbox 1163 2965 1277 3048; x_wconf 86' lang='lat' dir='ltr'><strong>putavi,</strong></span> <span class='ocrx_word' id='word_1_265' title='bbox 1297 2963 1351 3029; x_wconf 92' lang='lat' dir='ltr'><strong>sed</strong></span> 
     </span>
     <span class='ocr_line' id='line_1_29' title="bbox 133 3065 1349 3157; baseline -0.002 -23"><span class='ocrx_word' id='word_1_266' title='bbox 133 3069 328 3157; x_wconf 74' lang='lat' dir='ltr'><strong>paucioribus</strong></span> <span class='ocrx_word' id='word_1_267' title='bbox 353 3090 443 3155; x_wconf 87' lang='lat' dir='ltr'><strong>saepe</strong></span> <span class='ocrx_word' id='word_1_268' title='bbox 469 3069 582 3147; x_wconf 83' lang='lat' dir='ltr'><strong>verbis,</strong></span> <span class='ocrx_word' id='word_1_269' title='bbox 612 3078 648 3134; x_wconf 91' lang='lat' dir='ltr'><strong>ut</strong></span> <span class='ocrx_word' id='word_1_270' title='bbox 676 3069 775 3155; x_wconf 88' lang='lat' dir='ltr'><strong>spatio</strong></span> <span class='ocrx_word' id='word_1_271' title='bbox 800 3069 1006 3134; x_wconf 80' lang='lat' dir='ltr'><strong>consulerem:</strong></span> <span class='ocrx_word' id='word_1_272' title='bbox 1044 3072 1232 3151; x_wconf 88' lang='lat' dir='ltr'><strong>quapropter</strong></span> <span class='ocrx_word' id='word_1_273' title='bbox 1257 3065 1349 3131; x_wconf 88' lang='lat' dir='ltr'><strong>etiam</strong></span> 
     </span>
     <span class='ocr_line' id='line_1_30' title="bbox 132 3167 1349 3258; baseline -0.002 -20"><span class='ocrx_word' id='word_1_274' title='bbox 132 3171 226 3258; x_wconf 80' lang='lat' dir='ltr'><strong>signis</strong></span> <span class='ocrx_word' id='word_1_275' title='bbox 241 3171 323 3238; x_wconf 86' lang='lat' dir='ltr'><strong>nulla</strong></span> <span class='ocrx_word' id='word_1_276' title='bbox 344 3170 512 3255; x_wconf 87' lang='lat' dir='ltr'><strong>interposui</strong></span> <span class='ocrx_word' id='word_1_277' title='bbox 527 3179 648 3255; x_wconf 89' lang='lat' dir='ltr'><strong>puncta,</strong></span> <span class='ocrx_word' id='word_1_278' title='bbox 664 3171 722 3235; x_wconf 92' lang='lat' dir='ltr'><strong>nisi</strong></span> <span class='ocrx_word' id='word_1_279' title='bbox 743 3171 798 3236; x_wconf 92' lang='lat' dir='ltr'><strong>ubi</strong></span> <span class='ocrx_word' id='word_1_280' title='bbox 816 3193 834 3236; x_wconf 90' lang='lat' dir='ltr'><strong>e</strong></span> <span class='ocrx_word' id='word_1_281' title='bbox 855 3169 994 3256; x_wconf 89' lang='lat' dir='ltr'><strong>pluribus</strong></span> <span class='ocrx_word' id='word_1_282' title='bbox 1010 3167 1128 3251; x_wconf 80' lang='lat' dir='ltr'><strong>singula</strong></span> <span class='ocrx_word' id='word_1_283' title='bbox 1146 3167 1349 3236; x_wconf 87' lang='lat' dir='ltr'><strong>consisterent</strong></span> 
     </span>
     <span class='ocr_line' id='line_1_31' title="bbox 131 3269 1348 3358; baseline -0.004 -19"><span class='ocrx_word' id='word_1_284' title='bbox 131 3274 236 3340; x_wconf 87' lang='lat' dir='ltr'><strong>literis.</strong></span> <span class='ocrx_word' id='word_1_285' title='bbox 282 3273 445 3358; x_wconf 81' lang='lat' dir='ltr'><strong>Signorurn</strong></span> <span class='ocrx_word' id='word_1_286' title='bbox 471 3272 702 3358; x_wconf 80' lang='lat' dir='ltr'><strong>explicationem</strong></span> <span class='ocrx_word' id='word_1_287' title='bbox 727 3271 952 3358; x_wconf 83' lang='lat' dir='ltr'><strong>prolegomenis</strong></span> <span class='ocrx_word' id='word_1_288' title='bbox 976 3269 1101 3336; x_wconf 84' lang='lat' dir='ltr'><strong>subieci.</strong></span> <span class='ocrx_word' id='word_1_289' title='bbox 1145 3270 1183 3334; x_wconf 92' lang='lat' dir='ltr'><strong>In</strong></span> <span class='ocrx_word' id='word_1_290' title='bbox 1206 3269 1348 3336; x_wconf 85' lang='lat' dir='ltr'><strong>Cicero·</strong></span> 
     </span>
     <span class='ocr_line' id='line_1_32' title="bbox 132 3371 1350 3460; baseline -0.005 -18"><span class='ocrx_word' id='word_1_291' title='bbox 132 3376 186 3442; x_wconf 89' lang='lat' dir='ltr'><strong>nis</strong></span> <span class='ocrx_word' id='word_1_292' title='bbox 210 3375 355 3442; x_wconf 90' lang='lat' dir='ltr'><strong>Somnio</strong></span> <span class='ocrx_word' id='word_1_293' title='bbox 373 3374 556 3460; x_wconf 91' lang='lat' dir='ltr'><strong>Scipionis</strong></span> <span class='ocrx_word' id='word_1_294' title='bbox 580 3374 718 3460; x_wconf 90' lang='lat' dir='ltr'><strong>acquievi</strong></span> <span class='ocrx_word' id='word_1_295' title='bbox 741 3375 773 3440; x_wconf 95' lang='lat' dir='ltr'><strong>in</strong></span> <span class='ocrx_word' id='word_1_296' title='bbox 794 3374 830 3440; x_wconf 94' lang='lat' dir='ltr'><strong>iis</strong></span> <span class='ocrx_word' id='word_1_297' title='bbox 850 3395 930 3460; x_wconf 89' lang='lat' dir='ltr'><strong>quae</strong></span> <span class='ocrx_word' id='word_1_298' title='bbox 949 3379 1144 3438; x_wconf 87' lang='lat' dir='ltr'><strong>enotaveram</strong></span> <span class='ocrx_word' id='word_1_299' title='bbox 1165 3393 1183 3436; x_wconf 90' lang='lat' dir='ltr'><strong>e</strong></span> <span class='ocrx_word' id='word_1_300' title='bbox 1203 3371 1279 3438; x_wconf 89' lang='lat' dir='ltr'><strong>mois</strong></span> <span class='ocrx_word' id='word_1_301' title='bbox 1299 3393 1350 3436; x_wconf 92' lang='lat' dir='ltr'><strong>co·</strong></span> 
     </span>
     <span class='ocr_line' id='line_1_33' title="bbox 132 3473 1350 3562; baseline -0.002 -18"><span class='ocrx_word' id='word_1_302' title='bbox 132 3478 251 3545; x_wconf 89' lang='lat' dir='ltr'><strong>dicibus</strong></span> <span class='ocrx_word' id='word_1_303' title='bbox 276 3485 369 3562; x_wconf 90' lang='lat' dir='ltr'><strong>atque</strong></span> <span class='ocrx_word' id='word_1_304' title='bbox 394 3497 431 3542; x_wconf 84' lang='lat' dir='ltr'><strong>ex</strong></span> <span class='ocrx_word' id='word_1_305' title='bbox 458 3475 643 3542; x_wconf 88' lang='lat' dir='ltr'><strong>editionibus</strong></span> <span class='ocrx_word' id='word_1_306' title='bbox 665 3476 828 3542; x_wconf 86' lang='lat' dir='ltr'><strong>Macrobii:</strong></span> <span class='ocrx_word' id='word_1_307' title='bbox 858 3497 928 3540; x_wconf 89' lang='lat' dir='ltr'><strong>nam</strong></span> <span class='ocrx_word' id='word_1_308' title='bbox 955 3474 1005 3540; x_wconf 95' lang='lat' dir='ltr'><strong>hic</strong></span> <span class='ocrx_word' id='word_1_309' title='bbox 1029 3473 1103 3560; x_wconf 91' lang='lat' dir='ltr'><strong>quid</strong></span> <span class='ocrx_word' id='word_1_310' title='bbox 1128 3494 1254 3560; x_wconf 86' lang='lat' dir='ltr'><strong>quoquc</strong></span> <span class='ocrx_word' id='word_1_311' title='bbox 1280 3475 1350 3541; x_wconf 93' lang='lat' dir='ltr'><strong>ioco</strong></span> 
     </span>
    </p>
   </div>
   <div class='ocr_carea' id='block_1_3' title="bbox 128 3767 1352 4597">
    <p class='ocr_par' dir='ltr' id='par_1_3' title="bbox 128 3767 1352 4597">
     <span class='ocr_line' id='line_1_34' title="bbox 202 3767 1352 3840; baseline -0.003 -18"><span class='ocrx_word' id='word_1_312' title='bbox 202 3773 230 3840; x_wconf 78' lang='grc'><strong>7)</strong></span> <span class='ocrx_word' id='word_1_313' title='bbox 264 3772 312 3822; x_wconf 73' lang='lat' dir='ltr'><strong>Sic</strong></span> <span class='ocrx_word' id='word_1_314' title='bbox 340 3787 365 3834; x_wconf 90' lang='lat' dir='ltr'><strong>p.</strong></span> <span class='ocrx_word' id='word_1_315' title='bbox 390 3772 433 3820; x_wconf 86' lang='grc'><strong>80.</strong></span> <span class='ocrx_word' id='word_1_316' title='bbox 461 3771 918 3836; x_wconf 71' lang='lat' dir='ltr'><strong>usutv-geouanmamurniit.</strong></span> <span class='ocrx_word' id='word_1_317' title='bbox 952 3767 1095 3835; x_wconf 77' lang='lat' dir='ltr'><strong>siguificat</strong></span> <span class='ocrx_word' id='word_1_318' title='bbox 1130 3771 1217 3821; x_wconf 79' lang='lat' dir='ltr'><strong>verba</strong></span> <span class='ocrx_word' id='word_1_319' title='bbox 1248 3775 1352 3836; x_wconf 82' lang='lat' dir='ltr'><strong>patrem</strong></span> 
     </span>
     <span class='ocr_line' id='line_1_35' title="bbox 132 3851 1352 3924; baseline -0.007 -16"><span class='ocrx_word' id='word_1_320' title='bbox 132 3874 186 3924; x_wconf 82' lang='lat' dir='ltr'><strong>pua</strong></span> <span class='ocrx_word' id='word_1_321' title='bbox 204 3857 321 3908; x_wconf 81' lang='lat' dir='ltr'><strong>intuetur</strong></span> <span class='ocrx_word' id='word_1_322' title='bbox 339 3863 454 3906; x_wconf 84' lang='lat' dir='ltr'><strong>enotata</strong></span> <span class='ocrx_word' id='word_1_323' title='bbox 473 3869 538 3906; x_wconf 88' lang='lat' dir='ltr'><strong>esse</strong></span> <span class='ocrx_word' id='word_1_324' title='bbox 558 3870 573 3906; x_wconf 88' lang='lat' dir='ltr'><strong>e</strong></span> <span class='ocrx_word' id='word_1_325' title='bbox 593 3857 737 3906; x_wconf 83' lang='lat' dir='ltr'><strong>codicibus</strong></span> <span class='ocrx_word' id='word_1_326' title='bbox 755 3857 858 3921; x_wconf 73' lang='lat' dir='ltr'><strong>rsus,</strong></span> <span class='ocrx_word' id='word_1_327' title='bbox 888 3857 907 3906; x_wconf 86' lang='lat' dir='ltr'><strong>i.</strong></span> <span class='ocrx_word' id='word_1_328' title='bbox 925 3869 951 3906; x_wconf 88' lang='lat' dir='ltr'><strong>c.</strong></span> <span class='ocrx_word' id='word_1_329' title='bbox 974 3870 990 3906; x_wconf 88' lang='lat' dir='ltr'><strong>e</strong></span> <span class='ocrx_word' id='word_1_330' title='bbox 1012 3853 1191 3918; x_wconf 76' lang='lat' dir='ltr'><strong>Frisiagensi</strong></span> <span class='ocrx_word' id='word_1_331' title='bbox 1213 3857 1241 3902; x_wconf 90' lang='lat' dir='ltr'><strong>et</strong></span> <span class='ocrx_word' id='word_1_332' title='bbox 1260 3851 1352 3900; x_wconf 80' lang='lat' dir='ltr'><strong>Salis-</strong></span> 
     </span>
     <span class='ocr_line' id='line_1_36' title="bbox 128 3929 1351 4007; baseline -0.007 -15"><span class='ocrx_word' id='word_1_333' title='bbox 128 3929 265 4007; x_wconf 83' lang='lat' dir='ltr'><strong>burgcnsi</strong></span> <span class='ocrx_word' id='word_1_334' title='bbox 288 3947 316 3991; x_wconf 86' lang='lat' dir='ltr'><strong>et</strong></span> <span class='ocrx_word' id='word_1_335' title='bbox 342 3941 537 4002; x_wconf 77' lang='lat' dir='ltr'><strong>ileirdigerano</strong></span> <span class='ocrx_word' id='word_1_336' title='bbox 563 3943 701 4006; x_wconf 87' lang='lat' dir='ltr'><strong>secundo,</strong></span> <span class='ocrx_word' id='word_1_337' title='bbox 734 3943 784 3992; x_wconf 88' lang='lat' dir='ltr'><strong>sed</strong></span> <span class='ocrx_word' id='word_1_338' title='bbox 812 3941 879 3990; x_wconf 89' lang='lat' dir='ltr'><strong>nibil</strong></span> <span class='ocrx_word' id='word_1_339' title='bbox 905 3945 1047 3991; x_wconf 83' lang='lat' dir='ltr'><strong>enotatum</strong></span> <span class='ocrx_word' id='word_1_340' title='bbox 1074 3952 1140 3988; x_wconf 87' lang='lat' dir='ltr'><strong>esse</strong></span> <span class='ocrx_word' id='word_1_341' title='bbox 1164 3951 1180 3988; x_wconf 88' lang='lat' dir='ltr'><strong>e</strong></span> <span class='ocrx_word' id='word_1_342' title='bbox 1205 3936 1351 3986; x_wconf 86' lang='lat' dir='ltr'><strong>codicibus</strong></span> 
     </span>
     <span class='ocr_line' id='line_1_37' title="bbox 132 4007 1349 4091; baseline -0.008 -13"><span class='ocrx_word' id='word_1_343' title='bbox 132 4027 240 4091; x_wconf 59' lang='lat' dir='ltr'><strong>abac,</strong></span> <span class='ocrx_word' id='word_1_344' title='bbox 268 4027 286 4076; x_wconf 88' lang='lat' dir='ltr'><strong>i.</strong></span> <span class='ocrx_word' id='word_1_345' title='bbox 306 4039 332 4076; x_wconf 82' lang='lat' dir='ltr'><strong>e.</strong></span> <span class='ocrx_word' id='word_1_346' title='bbox 352 4039 367 4075; x_wconf 87' lang='lat' dir='ltr'><strong>e</strong></span> <span class='ocrx_word' id='word_1_347' title='bbox 384 4025 484 4074; x_wconf 88' lang='lat' dir='ltr'><strong>codice</strong></span> <span class='ocrx_word' id='word_1_348' title='bbox 506 4025 669 4075; x_wconf 84' lang='lat' dir='ltr'><strong>monasterti</strong></span> <span class='ocrx_word' id='word_1_349' title='bbox 689 4027 717 4074; x_wconf 82' lang='lat' dir='ltr'><strong>S.</strong></span> <span class='ocrx_word' id='word_1_350' title='bbox 739 4027 813 4076; x_wconf 78' lang='lat' dir='ltr'><strong>Galli</strong></span> <span class='ocrx_word' id='word_1_351' title='bbox 834 4030 863 4075; x_wconf 85' lang='lat' dir='ltr'><strong>et</strong></span> <span class='ocrx_word' id='word_1_352' title='bbox 881 4039 897 4074; x_wconf 89' lang='lat' dir='ltr'><strong>e</strong></span> <span class='ocrx_word' id='word_1_353' title='bbox 917 4007 1109 4090; x_wconf 75' lang='lat' dir='ltr'><strong>berolinensi,</strong></span> <span class='ocrx_word' id='word_1_354' title='bbox 1136 4024 1167 4072; x_wconf 91' lang='lat' dir='ltr'><strong>nt</strong></span> <span class='ocrx_word' id='word_1_355' title='bbox 1185 4019 1349 4071; x_wconf 85' lang='lat' dir='ltr'><strong>consentire</strong></span> 
     </span>
     <span class='ocr_line' id='line_1_38' title="bbox 132 4107 1351 4174; baseline -0.006 -14"><span class='ocrx_word' id='word_1_356' title='bbox 132 4111 279 4160; x_wconf 85' lang='lat' dir='ltr'><strong>videantur</strong></span> <span class='ocrx_word' id='word_1_357' title='bbox 297 4123 358 4160; x_wconf 88' lang='lat' dir='ltr'><strong>cum</strong></span> <span class='ocrx_word' id='word_1_358' title='bbox 378 4109 546 4159; x_wconf 87' lang='lat' dir='ltr'><strong>editionibus</strong></span> <span class='ocrx_word' id='word_1_359' title='bbox 564 4108 725 4171; x_wconf 84' lang='lat' dir='ltr'><strong>qrribuscum</strong></span> <span class='ocrx_word' id='word_1_360' title='bbox 745 4110 938 4174; x_wconf 62' lang='lat' dir='ltr'><strong>calluissent,</strong></span> <span class='ocrx_word' id='word_1_361' title='bbox 969 4110 994 4158; x_wconf 78' lang='lat' dir='ltr'>G</span> <span class='ocrx_word' id='word_1_362' title='bbox 1012 4121 1072 4158; x_wconf 87' lang='lat' dir='ltr'><strong>curn</strong></span> <span class='ocrx_word' id='word_1_363' title='bbox 1090 4121 1124 4173; x_wconf 84' lang='lat' dir='ltr'><strong>g,</strong></span> <span class='ocrx_word' id='word_1_364' title='bbox 1154 4109 1221 4155; x_wconf 78' lang='lat' dir='ltr'><strong>Bae.</strong></span> <span class='ocrx_word' id='word_1_365' title='bbox 1241 4119 1302 4154; x_wconf 86' lang='lat' dir='ltr'><strong>cum</strong></span> <span class='ocrx_word' id='word_1_366' title='bbox 1324 4107 1351 4164; x_wconf 89' lang='lat' dir='ltr'><strong>b,</strong></span> 
     </span>
     <span class='ocr_line' id='line_1_39' title="bbox 130 4189 1352 4258; baseline -0.005 -14"><span class='ocrx_word' id='word_1_367' title='bbox 130 4195 150 4245; x_wconf 91' lang='lat' dir='ltr'><strong>i.</strong></span> <span class='ocrx_word' id='word_1_368' title='bbox 164 4209 190 4245; x_wconf 88' lang='lat' dir='ltr'><strong>e.</strong></span> <span class='ocrx_word' id='word_1_369' title='bbox 208 4197 299 4244; x_wconf 84' lang='lat' dir='ltr'><strong>codex</strong></span> <span class='ocrx_word' id='word_1_370' title='bbox 316 4198 345 4244; x_wconf 85' lang='lat' dir='ltr'><strong>S.</strong></span> <span class='ocrx_word' id='word_1_371' title='bbox 365 4193 439 4245; x_wconf 82' lang='lat' dir='ltr'><strong>Galli</strong></span> <span class='ocrx_word' id='word_1_372' title='bbox 459 4206 521 4243; x_wconf 89' lang='lat' dir='ltr'><strong>cum</strong></span> <span class='ocrx_word' id='word_1_373' title='bbox 541 4192 664 4244; x_wconf 86' lang='lat' dir='ltr'><strong>editione</strong></span> <span class='ocrx_word' id='word_1_374' title='bbox 682 4195 860 4258; x_wconf 82' lang='lat' dir='ltr'><strong>Grypbiena,</strong></span> <span class='ocrx_word' id='word_1_375' title='bbox 889 4194 979 4244; x_wconf 83' lang='lat' dir='ltr'><strong>codex</strong></span> <span class='ocrx_word' id='word_1_376' title='bbox 996 4191 1188 4242; x_wconf 77' lang='lat' dir='ltr'><strong>berolinensis</strong></span> <span class='ocrx_word' id='word_1_377' title='bbox 1208 4203 1268 4240; x_wconf 89' lang='lat' dir='ltr'><strong>cum</strong></span> <span class='ocrx_word' id='word_1_378' title='bbox 1290 4189 1352 4238; x_wconf 89' lang='lat' dir='ltr'><strong>edi-</strong></span> 
     </span>
     <span class='ocr_line' id='line_1_40' title="bbox 131 4275 1352 4342; baseline -0.007 -11"><span class='ocrx_word' id='word_1_379' title='bbox 131 4280 209 4332; x_wconf 86' lang='lat' dir='ltr'><strong>tione</strong></span> <span class='ocrx_word' id='word_1_380' title='bbox 228 4279 385 4341; x_wconf 80' lang='lat' dir='ltr'><strong>itipontins.</strong></span> <span class='ocrx_word' id='word_1_381' title='bbox 421 4281 566 4329; x_wconf 80' lang='lat' dir='ltr'><strong>Accedunt</strong></span> <span class='ocrx_word' id='word_1_382' title='bbox 584 4283 675 4328; x_wconf 74' lang='lat' dir='ltr'><strong>eastern</strong></span> <span class='ocrx_word' id='word_1_383' title='bbox 694 4281 855 4342; x_wconf 65' lang='lat' dir='ltr'><strong>Bamilrm,</strong></span> <span class='ocrx_word' id='word_1_384' title='bbox 877 4279 942 4340; x_wconf 82' lang='lat' dir='ltr'><strong>quia</strong></span> <span class='ocrx_word' id='word_1_385' title='bbox 960 4277 1030 4326; x_wconf 86' lang='lat' dir='ltr'><strong>idem</strong></span> <span class='ocrx_word' id='word_1_386' title='bbox 1048 4289 1068 4325; x_wconf 82' lang='lat' dir='ltr'><strong>a</strong></span> <span class='ocrx_word' id='word_1_387' title='bbox 1086 4275 1231 4326; x_wconf 74' lang='lat' dir='ltr'><strong>Gronovio</strong></span> <span class='ocrx_word' id='word_1_388' title='bbox 1251 4279 1352 4324; x_wconf 85' lang='lat' dir='ltr'><strong>enota-</strong></span> 
     </span>
     <span class='ocr_line' id='line_1_41' title="bbox 132 4357 1351 4426; baseline -0.007 -12"><span class='ocrx_word' id='word_1_389' title='bbox 132 4367 187 4416; x_wconf 76' lang='lat' dir='ltr'><strong>tun</strong></span> <span class='ocrx_word' id='word_1_390' title='bbox 205 4369 251 4414; x_wconf 85' lang='lat' dir='ltr'><strong>est</strong></span> <span class='ocrx_word' id='word_1_391' title='bbox 272 4377 288 4413; x_wconf 90' lang='lat' dir='ltr'><strong>e</strong></span> <span class='ocrx_word' id='word_1_392' title='bbox 307 4365 452 4417; x_wconf 83' lang='lat' dir='ltr'><strong>codicibus</strong></span> <span class='ocrx_word' id='word_1_393' title='bbox 469 4363 613 4426; x_wconf 75' lang='lat' dir='ltr'><strong>Angiicis,</strong></span> <span class='ocrx_word' id='word_1_394' title='bbox 641 4363 756 4426; x_wconf 75' lang='lat' dir='ltr'><strong>collegii</strong></span> <span class='ocrx_word' id='word_1_395' title='bbox 775 4361 916 4412; x_wconf 77' lang='lat' dir='ltr'><strong>Benedicti</strong></span> <span class='ocrx_word' id='word_1_396' title='bbox 936 4365 965 4410; x_wconf 87' lang='lat' dir='ltr'><strong>et</strong></span> <span class='ocrx_word' id='word_1_397' title='bbox 983 4359 1170 4410; x_wconf 77' lang='lat' dir='ltr'><strong>hincciniano</strong></span> <span class='ocrx_word' id='word_1_398' title='bbox 1187 4364 1217 4410; x_wconf 87' lang='lat' dir='ltr'><strong>et</strong></span> <span class='ocrx_word' id='word_1_399' title='bbox 1234 4357 1351 4421; x_wconf 74' lang='lat' dir='ltr'><strong>collegii</strong></span> 
     </span>
     <span class='ocr_line' id='line_1_42' title="bbox 130 4442 1351 4514; baseline -0.005 -16"><span class='ocrx_word' id='word_1_400' title='bbox 130 4449 160 4498; x_wconf 81' lang='lat' dir='ltr'><strong>s.</strong></span> <span class='ocrx_word' id='word_1_401' title='bbox 176 4447 342 4511; x_wconf 70' lang='lat' dir='ltr'><strong>Trinitatis,</strong></span> <span class='ocrx_word' id='word_1_402' title='bbox 359 4455 387 4500; x_wconf 89' lang='lat' dir='ltr'><strong>et</strong></span> <span class='ocrx_word' id='word_1_403' title='bbox 406 4449 463 4514; x_wconf 74' lang='lat' dir='ltr'><strong>lit,</strong></span> <span class='ocrx_word' id='word_1_404' title='bbox 479 4448 544 4512; x_wconf 78' lang='lat' dir='ltr'><strong>quis</strong></span> <span class='ocrx_word' id='word_1_405' title='bbox 561 4447 666 4510; x_wconf 84' lang='lat' dir='ltr'><strong>iegitur</strong></span> <span class='ocrx_word' id='word_1_406' title='bbox 679 4447 764 4498; x_wconf 81' lang='lat' dir='ltr'><strong>etiam</strong></span> <span class='ocrx_word' id='word_1_407' title='bbox 781 4447 816 4496; x_wconf 81' lang='lat' dir='ltr'><strong>ab</strong></span> <span class='ocrx_word' id='word_1_408' title='bbox 834 4447 925 4496; x_wconf 80' lang='lat' dir='ltr'><strong>altera</strong></span> <span class='ocrx_word' id='word_1_409' title='bbox 942 4458 1023 4496; x_wconf 86' lang='grc' dir='ltr'>ιιιιιιιιι</span> <span class='ocrx_word' id='word_1_410' title='bbox 1040 4443 1211 4504; x_wconf 76' lang='lat' dir='ltr'><strong>adscriptam</strong></span> <span class='ocrx_word' id='word_1_411' title='bbox 1231 4442 1351 4507; x_wconf 73' lang='lat' dir='ltr'><strong>margini</strong></span> 
     </span>
     <span class='ocr_line' id='line_1_43' title="bbox 131 4526 1164 4597; baseline -0.006 -15"><span class='ocrx_word' id='word_1_412' title='bbox 131 4531 264 4586; x_wconf 82' lang='lat' dir='ltr'><strong>editionis</strong></span> <span class='ocrx_word' id='word_1_413' title='bbox 281 4532 478 4597; x_wconf 74' lang='lat' dir='ltr'><strong>iiacvogianaa</strong></span> <span class='ocrx_word' id='word_1_414' title='bbox 496 4531 615 4594; x_wconf 80' lang='lat' dir='ltr'><strong>exempli</strong></span> <span class='ocrx_word' id='word_1_415' title='bbox 633 4532 707 4594; x_wconf 75' lang='lat' dir='ltr'><strong>quod</strong></span> <span class='ocrx_word' id='word_1_416' title='bbox 724 4534 770 4581; x_wconf 79' lang='lat' dir='ltr'><strong>est</strong></span> <span class='ocrx_word' id='word_1_417' title='bbox 787 4530 816 4581; x_wconf 91' lang='lat' dir='ltr'><strong>ia</strong></span> <span class='ocrx_word' id='word_1_418' title='bbox 833 4529 1003 4582; x_wconf 65' lang='lat' dir='ltr'><strong>bibliotheca</strong></span> <span class='ocrx_word' id='word_1_419' title='bbox 1019 4526 1164 4582; x_wconf 70' lang='lat' dir='ltr'><strong>seme-st.</strong></span> 
     </span>
    </p>
   </div>
   <div class='ocr_carea' id='block_1_4' title="bbox 0 0 1480 4992">
    <p class='ocr_par' dir='ltr' id='par_1_4' title="bbox 0 0 1480 4992">
     <span class='ocr_line' id='line_1_44' title="bbox 0 0 1480 4992; baseline 0 2"><span class='ocrx_word' id='word_1_420' title='bbox 0 0 1480 4992; x_wconf 95' lang='lat' dir='ltr'><strong> </strong></span> 
     </span>
    </p>
   </div>
  </div>
 </body>
</html>
