2950 4992
223 120 266 193 42
703 120 914 193 Macaoml

224 312 285 380 que
306 296 465 359 mutuatus
486 288 642 359 insolubili
664 293 746 359 inter
766 314 801 360 se
822 292 944 360 vinculo
966 293 1118 361 elementa
1135 295 1289 364 devinxit:
1311 295 1386 363 sient

222 378 256 445 ia
274 377 401 444 Timaeo
422 378 559 443 Platonis
579 378 735 445 adsertam
756 388 812 455 est,
834 399 897 443 non
915 378 1004 445 aliter
1025 386 1088 445 tarn
1112 389 1309 448 controversa
1330 382 1384 448 sibi

222 482 258 529 ac
284 464 487 550 repugnantia
516 471 548 529 et
577 472 705 530 naturae
733 464 982 531 communionem
1009 465 1174 531 abnuentia
1202 467 1384 552 peruaiseeri,

220 555 335 614 terram
356 550 425 615 dico
446 555 479 614 et
497 548 614 635 ignem,
653 550 792 635 potuisse
813 557 845 615 et
871 557 1011 635 portam
1033 550 1196 635 iugabilem
1221 560 1384 638 conpeten-

220 634 295 699 tiam
315 634 481 713 foederari,
522 634 581 699 nisi
601 634 722 700 duobus
743 635 851 701 mediis
872 635 952 700 aeris
973 643 1005 700 et
1025 656 1121 722 aquae
1141 636 1271 701 nexibus
1293 638 1384 703 vinci·

167 716 336 796 idrontum
383 722 432 786 lta
458 718 542 784 enim
571 719 723 784 elementa
752 720 892 784 intense
920 720 1124 787 diversissima
1153 721 1255 808 opifex
1283 728 1384 788 tanam

218 804 295 871 deus
315 805 431 871 ordinis
453 804 662 889 oportunitate
686 804 846 881 conexuit,
879 811 916 869 ut
943 805 1031 871 lacile
1054 806 1268 905 iungerentur:
1305 828 1384 889 narn,

218 907 288 957 cum
309 889 400 954 binae
420 893 524 950 essent
543 886 577 951 in
596 886 725 973 singulis
746 889 923 975 qualitates,
949 890 1044 959 talem
1066 893 1232 992 unicunque
1251 892 1291 957 de
1312 892 1383 961 dua·

217 975 275 1039 bns
297 974 423 1037 alteram
446 970 545 1048 dedit,
583 972 674 1038 utin
696 994 735 1040 eo
756 975 805 1041 cui
825 974 967 1041 haereret
988 984 1147 1063 cognatam
1169 977 1229 1044 sebi
1249 985 1281 1043 et
1301 978 1383 1043 sirni-

164 1058 208 1124 26
217 1058 277 1121 lem
299 1056 478 1142 repperiret
532 1057 627 1122 Terra
648 1065 696 1123 cst
717 1059 796 1125 sicca
817 1068 848 1125 el
869 1060 992 1145 frigida,
1030 1082 1109 1148 aqua
1133 1083 1206 1129 vcro
1226 1062 1331 1147 frigida
1350 1071 1381 1129 et

216 1140 360 1206 humecta
379 1149 441 1207 est:
461 1140 537 1207 baec
556 1142 618 1207 duo
629 1144 797 1223 elementa,
818 1145 889 1210 licet
908 1146 966 1210 sibi
985 1148 1174 1230 persiccum
1193 1148 1379 1215 humectum·

215 1247 277 1313 que
294 1227 445 1293 contraria
464 1228 536 1305 sint,
555 1247 611 1313 per
629 1228 774 1315 frigidum
792 1237 895 1294 tamen
916 1250 1079 1296 commune
1099 1232 1279 1319 iunguntur.
1321 1238 1382 1298 Aer

214 1311 377 1378 bdmectus
403 1320 435 1378 et
455 1313 572 1378 calidus
596 1321 658 1378 est:
702 1321 750 1391 et,
789 1334 857 1378 cum
879 1332 976 1397 aquae
1002 1315 1130 1399 frigidae
1151 1318 1324 1383 contrarius
1344 1318 1383 1383 sit

214 1398 329 1477 calore,
349 1398 563 1463 conciliatione
585 1406 688 1463 tamen
710 1398 784 1464 socii
805 1398 966 1483 copulatur
988 1398 1137 1465 humoris.
1179 1402 1280 1485 Super
1299 1402 1383 1468 hunc

160 1482 1240 1647 n{antistitii⁸*0{bittelllbbtutbttt
1260 1488 1383 1635 lttl

211 1654 282 1739 gula
310 1618 452 1739 quaeque
480 1591 704 1719 elementorim
730 1656 794 1721 duo
827 1653 884 1720 sibi
913 1652 984 1719 hinc
1017 1652 1088 1719 inde
1120 1654 1217 1721 uicina
1249 1652 1379 1737 singuiis

211 1737 409 1821 qualitatibus
421 1738 514 1801 uelut
533 1739 716 1821 quibusdam
738 1740 963 1827 amplectantur
979 1739 1076 1805 ulnis:
1097 1758 1176 1824 aqua
1195 1746 1308 1803 terram
1326 1737 1380 1801 iri-

209 1840 293 1905 gore,
311 1841 414 1884 aerem
431 1819 489 1884 sibi
504 1822 600 1886 nectit
621 1821 765 1888 humore:
788 1846 840 1889 aer
861 1846 958 1910 aquae
978 1824 1123 1889 bumeeto
1143 1823 1243 1901 simili,
1264 1830 1296 1887 et
1315 1821 1381 1905 igni

158 1904 313 1982 [schalore
335 1903 485 1968 sociatur:
507 1904 585 1987 ignis
606 1906 670 1969 aeri
693 1908 840 1973 miscetur
862 1917 897 1973 ut
916 1908 1021 1987 calido,
1044 1918 1145 1973 terrae
1169 1908 1305 1995 iungitur
1323 1906 1381 1971 sic·

209 1988 316 2052 citato:
355 1994 438 2051 terra
466 1986 569 2071 ignem
597 1988 678 2052 sicco
708 1991 838 2074 patitur,
881 2012 992 2137 apuam
1020 1992 1134 2077 ln‘gere
1162 2012 1224 2057 non
1252 1992 1379 2078 respuit.

155 2072 292 2144 28Haec
314 2078 419 2136 tamen
446 2070 577 2137 varietas
602 2072 812 2151 vinculorum,
843 2075 870 2139 si
894 2082 1045 2139 cementa
1067 2077 1131 2141 duo
1152 2076 1268 2154 locent,
1302 2076 1379 2141 nibil

196 2156 374 2243 ·inter'ipsa
394 2155 546 2221 firmitatis
568 2155 741 2223 habuisset:
773 2158 798 2222 si
820 2159 893 2236 tria,
915 2158 1018 2224 minus
1040 2160 1166 2245 quidem
1188 2162 1303 2238 aalide,
1323 2160 1379 2226 ali·

206 2263 270 2343 quo
289 2250 392 2307 tamma
413 2262 497 2307 nexu
516 2242 675 2309 vincienda
697 2243 841 2309 nodaret:
865 2244 945 2309 inter
987 2251 1114 2331 uattuor
1133 2266 1206 2311 uero
1228 2246 1378 2311 insolubi-

205 2329 244 2395 lrs
267 2328 421 2413 colligatio
445 2335 507 2405 est,
546 2349 617 2393 cum
643 2328 721 2393 duae
746 2328 938 2394 summitates
964 2264 1085 2395 duabus
1111 2331 1378 2397 interiectionibus

161 2483 164 2488 ,
205 2414 397 2480 vinciuntur:
424 2413 508 2500 quod
530 2413 589 2479 erit
608 2414 813 2492 manifestius,
837 2414 863 2479 si
886 2415 919 2479 in
940 2415 1042 2481 medio
1062 2417 1258 2501 posuerimus
1278 2418 1376 2503 ipsam

153 2498 426 2567 illcontinentiam
448 2519 556 2566 sensus
581 2498 620 2565 de
641 2500 769 2566 Timaeo
790 2500 928 2566 Platonis
956 2508 1141 2589 excerptam.
1189 2503 1301 2569 Debent
1326 2502 1377 2569 de-

271 2620 341 2673 fleo.
360 2621 627 2685 assartandum]

202 2704 281 2759 molis
295 2704 327 2757 F.
345 2701 377 2745 '-
394 2707 591 2774 indissolubili
606 2706 852 2791 FSBnnBrrm'l'm
872 2736 907 2747 —
927 2708 955 2761 in
977 2702 1095 2777 Timaeo]
1116 2709 1138 2763 1.
1155 2725 1179 2762 c.
1198 2736 1233 2791 -ς
1247 2726 1302 2761 nee
1320 2709 1376 2762 oli-

201 2775 1077 2909 lt,lata,-,tt„t‘bt„itantt'ttttltls'bitn
1098 2792 1375 2913 liliimlliiniss

201 2910 269 2960 oceri
290 2924 344 2959 nm.
362 2907 457 2960 uttan
476 2912 635 2973 „membr.“
653 2910 729 2962 Mod.
750 2910 781 2961 N.
801 2910 830 2961 [ι.
850 2928 876 2977 p.
893 2915 935 2961 ar.
972 2912 1132 2977 permiscere
1151 2910 1180 2961 in
1203 2927 1256 2963 ras.
1279 2927 1296 2962 a
1315 2928 1374 2965 sec.

201 2992 238 3028 nr.
262 2976 314 3027 Rl.
364 2975 493 3045 permisci
513 2976 560 3028 P4.
609 2976 778 3045 promisceri
799 2978 837 3039 (B
857 2994 943 3045 snpra
962 2982 1033 3044 per)
1060 2976 1206 3044 FricbgG.
1254 2980 1375 3043 promi·

200 3058 276 3096 toene
297 3044 350 3095 Hi.
368 3060 467 3111 -per
485 3052 541 3097 tem
558 3045 704 3114 ingabilem
727 3047 926 3113 competentiam
942 3044 1078 3107 foederari
1093 3046 1211 3110 potuisse
1228 3049 1298 3103 (cnr.
1321 3060 1376 3095 an-

200 3111 289 3163 teced.
308 3116 346 3171 ei)
362 3126 387 3163 a.
404 3136 438 3149 —
452 3114 571 3179 potuisse
585 3130 634 3180 per
652 3120 721 3174 (om.
740 3118 778 3173 el)
796 3112 879 3164 Pv-n.
913 3112 1030 3179 potuisse
1046 3126 1103 3161 nec
1137 3128 1164 3161 er
1179 3127 1255 3178 g.···
1272 3118 1303 3161 et
1320 3125 1372 3161 ae-

199 3178 307 3229 rislti.
402 3244 411 3260 ο
458 3183 503 3232 25.
540 3180 728 3262 inelementia
749 3180 798 3232 aa.
834 3128 1165 3261 ιἰαᾳιειρηιεὶεηιᾹέὶς
1193 3177 1228 3253 ¹in
1252 3184 1374 3243 utroque

198 3244 1372 3384 ltlffiblzllff.},÷⁶t'i‘,⁶„²tt‘.‚¹³;tnltlibit,‘itt'itinsssft

197 3382 231 3434 dc
253 3383 362 3435 duobos
389 3382 555 3435 Bursa-nr.
585 3409 613 3421 —
644 3385 736 3435 altero
763 3382 794 3433 B.
820 3410 855 3422 -
881 3382 1000 3434 bosseret
1033 3378 1372 3431 audeanuonunnan.

197 3450 363 3512 adhaereret
378 3451 564 3503 sataleiam.
586 3478 613 3489 -
629 3458 783 3521 cognotam
801 3450 853 3501 lil.
1003 3451 1046 3499 26.
1083 3455 1107 3499 et
1122 3448 1240 3499 humido
1257 3464 1318 3516 r-g.
1336 3474 1373 3487 -

196 3517 226 3567 e't
243 3517 391 3569 bnmectom
408 3521 461 3571 sint
479 3519 613 3571 contrario
630 3516 663 3567 F.
688 3546 722 3556 -
745 3534 803 3570 corn
821 3532 908 3585 oquae
923 3515 967 3581 fri
992 3532 1029 3566 ne
1047 3516 1216 3567 cuononem
1233 3516 1268 3567 sit
1283 3516 1373 3567 colori

196 3582 267 3635 Bae.
290 3610 319 3621 -
338 3588 489 3637 contrarius
503 3592 571 3652 (orn.
588 3586 637 3651 eit)
657 3585 706 3637 tta.
728 3614 755 3624 -
779 3586 952 3653 copulantur
994 3583 1077 3635 ran.H.
1098 3610 1125 3620 -
1145 3584 1280 3636 bonores
1297 3582 1371 3634 Barna

195 3650 242 3692 ·'-¹
253 3664 312 3701 enm
328 3652 432 3704 calidior
448 3654 484 3706 eit
501 3662 526 3705 et
541 3654 625 3705 siccus
641 3652 673 3704 F.
709 3670 768 3705 cnon
786 3653 820 3704 eit
837 3655 921 3705 siccus
939 3657 964 3702 et
981 3650 1085 3701 calidos
1103 3649 1154 3700 Ra.
1182 3664 1208 3689 '-
1232 3651 1372 3705 condole

195 3715 293 3769 coloris
308 3720 379 3785 v-g.⁷
521 3724 566 3771 27.
602 3720 663 3772 bino
680 3728 713 3774 ct
731 3720 794 3773 inde
812 3718 842 3771 1..
865 3746 891 3757 -
912 3718 992 3771 nectit
1009 3734 1062 3769 orn.
1084 3716 1116 3769 F.
1138 3744 1163 3755 -
1185 3718 1300 3769 bonore.
1317 3718 1371 3771 ita

195 3801 242 3837 ner
260 3784 293 3837 G.
318 3812 345 3823 -
365 3784 486 3837 humore
505 3788 586 3840 simili
602 3786 727 3839 R2th.
764 3785 1047 3839 bemorooimiliter
1065 3784 1101 3836 H.
1128 3810 1156 3823 -
1180 3786 1304 3855 etignis
1321 3802 1371 3836 co-

193 3853 250 3907 lore
267 3853 316 3904 Rs.
339 3882 368 3893 -
395 3854 427 3905 in
444 3855 532 3908 calido
549 3856 638 3921 „Mon
657 3858 746 3907 mullo
765 3854 898 3907 melius.“
917 3853 1003 3905 Gran.
1026 3878 1052 3890 -
1079 3858 1166 3905 terroe
1181 3853 1319 3904 vincitur
1331 3850 1371 3903 11.

300 3924 343 3974 28.
378 3924 472 3988 forent
498 3928 573 3991 (snp.
599 3929 697 3984 essent)
720 3923 773 3974 ill.
803 3949 828 3960 -
856 3923 925 3974 inter
949 3938 981 3973 ee
1002 3922 1061 3988 ipso
1083 3920 1117 3972 G.
1144 3946 1171 3957 -
1198 3912 1370 3972 doluissent

191 3984 225 4045 F.
259 3988 413 4043 baberent
431 3990 460 4043 S.
481 4020 508 4029 -
528 4001 618 4046 tomen
631 3992 722 4059 aliquo
740 3990 819 4041 RlH.
840 4017 866 4028 -
887 3988 1027 4041 vinciendi
1043 3988 1095 4038 Ra.
1116 4014 1142 4025 -
1162 3988 1373 4039 indissolubilis

191 4054 223 4109 S·
244 4084 270 4094 -
290 4058 319 4109 in
333 4066 447 4126 quotuor
463 4060 492 4111 la.
512 4088 537 4099 -
555 4060 690 4127 posueris
706 4060 785 4127 v-gb,
804 4056 876 4125 qnod
893 4056 1006 4124 legibue
1024 4054 1140 4121 linguae
1158 4054 1373 4106 convenientius

191 4140 256 4177 ease
273 4126 384 4193 putavit
401 4128 489 4180 Zeno.
511 4155 539 4167 -
565 4129 599 4180 de
620 4125 738 4194 limoso]
763 4128 781 4182 l.
801 4143 826 4178 c.
847 4152 882 4165 -
909 4131 1057 4193 excerptam
1075 4122 1119 4175 BS
1143 4123 1198 4191 (Rl
1218 4140 1280 4191 nup·
1301 4120 1372 4189 lin.)

190 4247 360 4330 nempoeni
387 4252 453 4301 ante
478 4248 553 4332 banc
576 4262 688 4331 ponem,
722 4253 754 4329 nt
803 4244 909 4329 tionem
936 4242 1078 4298 inserendi
1105 4242 1278 4315 geminatam
1308 4258 1373 4295 me·

189 4316 435 4435 {plegheppeptruert
450 4316 755 4437 :ganumaashgul'i'eolioriiss
804 4314 1007 4430 dlaetenliieini
1017 4378 1126 4446 decoris]
1147 4376 1374 4445 „Expositineni

190 4446 235 4496 lail
252 4455 372 4501 enotavi.
406 4451 447 4501 Ad
461 4467 612 4517 pronomen
625 4468 695 4571 poor
711 4450 755 4502 iu·
804 4444 963 4501 sentcntiae
980 4446 1161 4513 Platonicae,
1194 4462 1248 4500 nen
1267 4444 1373 4499 verbo·

193 4509 317 4579 teliegaa
340 4516 409 4569 dune
424 4510 592 4585 medietates,
666 4533 693 4570 ο.
708 4533 756 4573 re·
806 4518 901 4569 rum.“
922 4514 1032 4567 Causa.
