2950 4992
218 120 357 191 GOMM.
379 118 423 187 IN
446 116 573 188 SOMN.
594 116 692 187 SClP.
734 118 811 185 ΗΒ.
833 119 871 183 11.
916 118 1006 186 GAP.
1025 121 1078 185 x1.
1099 120 1169 185 xlt
1221 118 1281 185 183

110 294 206 360 strart‘
225 301 329 379 petest
378 290 477 355 uem
502 299 530 354 tc
555 289 651 373 ipdar
669 290 742 353 scita
768 310 845 360 esse:
878 290 1024 375 siqmilem
1045 300 1087 354 est
1108 292 1194 367 elma,
1227 293 1284 377 qai

76 466 83 480 ·
108 374 1327 547 tattdrt‘ttldtrttttttdt,attttrtttttffil

108 552 181 615 dam
199 549 248 613 ella
263 548 406 634 princeps
426 546 516 610 dee.-
543 556 571 608 et
589 556 623 609 at
641 545 691 609 itte
708 546 855 609 mandam
875 545 1005 632 pandam
1020 557 1109 630 parte
1127 549 1278 612 mortalem

108 637 174 723 ipae
196 634 268 699 deus
289 644 442 706 ammaus,
478 631 522 694 sic
544 630 654 716 (rupelo
682 652 792 729 carpas
812 632 932 695 aerinas
956 631 1149 716 sempiternas
1176 644 1277 698 meost.

108 722 192 786 Bene
215 726 247 784 et
266 718 421 802 sapienter
443 714 603 779 Tullianus
625 715 675 780 hic
695 715 797 801 Scipio
826 717 905 780 circa
931 715 1154 781 institutionem
1183 722 1305 801 nepo-2

106 806 147 873 tis
168 805 309 871 ordinem
328 809 411 867 recte
433 799 571 865 docentis
587 800 724 887 inplevit.
767 800 856 879 Nam,
877 808 913 866 ut
934 801 1102 865 brevitera
1126 801 1276 887 principie

107 912 232 958 omnem
253 886 356 973 operis
376 886 597 950 continentiam
619 887 826 962 revolvamus,
846 886 980 971 primum
999 894 1121 971 tempas
1144 888 1173 951 ei
1194 908 1275 951 mor·

106 977 147 1041 tis
166 984 200 1043 et
220 973 417 1040 imminentes
438 972 684 1057 propinquorum
704 972 857 1058 praedixit
876 971 1017 1049 insidias,
1057 980 1092 1037 ut
1114 979 1215 1037 totum
1237 971 1275 1037 de

106 1062 163 1128 hac
185 1060 248 1127 rita
271 1077 395 1142 sperare
423 1056 606 1132 dedisceret,
645 1077 736 1142 quam
763 1078 827 1121 non
854 1056 1031 1122 diuturnam
1060 1058 1275 1143 comperisset:

106 1146 194 1222 dein,
219 1165 260 1209 ne
280 1149 366 1207 metu
386 1142 558 1227 praedictae
580 1142 688 1208 mortis
707 1141 913 1227 frangeretur,
939 1143 1074 1207 ostendit
1092 1144 1222 1229 sapienti
1244 1151 1276 1208 et

106 1232 190 1297 bano
217 1228 275 1295 civi
298 1228 330 1292 in
350 1228 600 1292 inmortalitatem
623 1228 835 1313 migrandum:
857 1248 989 1313 cumque
1011 1248 1082 1292 eum
1104 1230 1186 1311 ultro
1205 1250 1275 1314 spes

107 1317 166 1382 iste
187 1314 332 1379 traxisset
351 1313 391 1379 ad
413 1313 564 1378 moriendi
586 1313 782 1388 desiderium,
803 1312 939 1377 succedit
957 1312 1046 1377 Pauli
1068 1314 1164 1399 patris
1184 1334 1274 1399 oper-

105 1410 181 1467 tuna
199 1398 351 1465 dissuasio
371 1420 529 1465 accensam
550 1398 605 1463 lilii
624 1398 853 1464 festinationem
874 1398 911 1463 nb
928 1398 1068 1484 appetitu
1087 1407 1275 1485 spontaneae

109 1486 218 1553 mortis
244 1484 419 1551 excludens.
473 1486 570 1551 Plena
598 1484 692 1568 igitur
719 1484 751 1548 in
778 1484 882 1549 animo
910 1484 1091 1549 somniantis
1119 1485 1302 1569 utrimquad

106 1572 242 1658 plantata
272 1570 415 1656 sperandi
446 1570 690 1657 expectandique
719 1570 869 1654 temperie
900 1568 992 1634 altius
1021 1570 1081 1634 iam
1108 1570 1188 1635 circa
1216 1570 1275 1635 eri-

104 1658 239 1743 gendum
260 1656 381 1742 nepotis
399 1657 537 1721 animum
554 1655 717 1721 Africanus
737 1654 923 1739 ingreditur:
945 1676 1001 1719 nea
1020 1656 1105 1740 prius
1123 1676 1194 1720 eum
1213 1665 1274 1721 ter-

105 1764 172 1809 ram
198 1742 313 1827 patitur
334 1742 448 1807 intueri
474 1760 567 1827 quam
596 1741 732 1806 caeliae
759 1740 893 1805 siderum
923 1748 1064 1829 naturam
1092 1748 1210 1807 motum
1240 1762 1275 1806 aa

105 1828 302 1894 modulamen
324 1834 520 1911 agnoscatet
541 1826 741 1892 haecomnia
767 1826 843 1892 sciat
868 1826 1006 1911 praemio
1034 1827 1273 1905 cessursvirtu·

105 1922 181 1979 tum.
223 1918 271 1979 Ac
290 1922 453 1998 postquam
477 1934 563 1978 mens
585 1912 705 1978 firmata
725 1912 877 1997 Scipionis
899 1910 1055 1977 alacritate
1075 1920 1179 1977 tantae
1202 1916 1301 1997 pro-4

104 1997 259 2065 missionis
280 1997 424 2083 erigitur,
448 2006 516 2066 tum
535 1998 662 2078 demum
681 1997 793 2083 gloria,
821 2018 901 2083 quae
923 1998 1004 2085 apud
1027 1998 1166 2064 indoctos
1190 2018 1274 2083 mag·

899 2170 983 2233 [ΕΜ.
1002 2170 1204 2239 vicalrgspdalr.

100 2255 148 2306 illa
165 2253 196 2304 F.
213 2279 246 2291 ··-
264 2262 291 2307 te
307 2270 370 2321 sup.
388 2254 452 2306 aaa.
472 2258 535 2320 pest
551 2255 637 2323 igitar
653 2254 705 2305 Rs
720 2283 755 2292 -
772 2253 817 2305 ills
834 2252 927 2305 Sarna.
949 2254 969 2303 Ι.
985 2272 1008 2305 e.
1026 2271 1081 2305 am.
1098 2254 1126 2305 in
1144 2254 1275 2306 erunibus

101 2324 164 2375 lere
182 2322 250 2373 Mas.
266 2351 300 2360 —
323 2338 360 2374 aa
377 2324 493 2389 quadam
509 2330 602 2391 parte,
625 2329 655 2373 ut
673 2322 769 2373 Sama.
790 2322 808 2372 l.
827 2338 849 2372 c.
868 2322 935 2372 Mes.
956 2327 985 2371 et
1001 2322 1070 2372 Era.
1089 2339 1198 2385 aornos,
1223 2322 1273 2373 Rl.

100 2415 135 2429 -
158 2393 263 2441 animas
280 2398 390 2443 eternus
408 2390 458 2440 us.
610 2393 636 2438 2.
674 2391 747 2441 Bene
763 2394 838 2455 (susp.
859 2390 923 2440 add.
942 2394 1020 2456 erga)
1044 2390 1093 2439 tta.
1118 2419 1150 2426 -
1172 2392 1275 2457 arpotis

101 2459 155 2510 rai
173 2459 224 2509 Rs.
245 2486 279 2495 —
305 2458 464 2519 resalvare,
487 2456 648 2523 principia
671 2473 726 2507 s-z.
762 2456 860 2519 „Libri
878 2464 946 2507 vett.
967 2473 1062 2507 enerues
1079 2458 1274 2509 reuoloamrts.“

101 2526 190 2577 Gran.
205 2525 239 2575 ad
257 2524 362 2575 Comen.
380 2526 402 2587 Ι,
420 2529 445 2585 ὁ,
465 2528 506 2574 14.
541 2522 622 2585 „Non
641 2540 740 2589 param
760 2524 907 2574 inamoena
925 2522 1029 2573 accidit
1044 2530 1099 2573 tam
1120 2524 1276 2591 propinqua

100 2592 181 2643 vocis
205 2593 336 2658 principie
363 2591 513 2657 repetitio,
547 2592 618 2655 quad
644 2606 780 2656 asrsqnam
805 2607 821 2640 a
845 2590 989 2640 moerente
1018 2590 1120 2641 lacteam
1152 2592 1274 2644 memini.

99 2659 178 2726 hege
195 2659 312 2725 proinde
329 2674 391 2708 curn
411 2659 479 2708 Mas.
493 2658 636 2723 primam.“
654 2658 743 2708 Idem.
779 2657 875 2719 „Malo
892 2658 982 2709 eiecta
998 2666 1042 2708 ast
1056 2658 1171 2724 antiqua
1188 2660 1275 2711 lectio

102 2726 282 2787 revolvamus,
299 2726 428 2793 primam,
456 2739 527 2790 quac
544 2726 604 2774 sala
622 2733 665 2777 est
682 2727 834 2791 probanda.
869 2724 939 2789 Nam
963 2742 1074 2792 semper
1091 2733 1202 2789 auctor,
1226 2730 1274 2781 ulti

100 2795 182 2861 leges
199 2792 355 2843 modestiae
375 2794 526 2859 postulant,
543 2792 662 2859 primam
680 2808 829 2859 personam
847 2793 965 2859 pluralis
982 2796 1107 2860 praefert
1124 2795 1274 2862 singulari.

100 2862 191 2926 Atque
206 2862 350 2927 principie,
384 2860 657 2911 cumidsmnomen
680 2861 984 2926 pauloantedixerit,
1018 2873 1157 2929 repugnat
1178 2866 1272 2917 studio

99 2933 271 2980 comnrutate
289 2928 444 2991 scribendi,
463 2929 534 2995 quod
554 2935 649 2979 noster
667 2946 779 2994 semper
795 2930 855 2980 lere
872 2932 1023 2981 sectatur.“
1045 2930 1130 2982 Zeus.
1151 2961 1183 2970 -
1206 2942 1271 2985 tem-

97 3014 151 3067 pas
175 2997 199 3047 ci
228 2994 618 3047 ussurucnnruodnnvs.
666 2998 690 3047 ei
713 3005 815 3064 tempas
841 2997 932 3047 ΒΜ.
978 3005 1078 3065 tempus
1105 3000 1173 3050 eius
1204 3002 1271 3069 viag

99 3066 210 3131 ‚‚M·s.“
227 3066 313 3116 Gran.
329 3062 406 3125 (La).
426 3092 454 3102 -
475 3064 665 3115 immineateis
685 3065 770 3131 c-gG.
788 3092 821 3103 -
837 3066 1043 3131 propinquorum
1061 3068 1175 3118 insidiae
1191 3086 1272 3136 prac-

99 3134 169 3185 dixit
186 3131 218 3181 F.
249 3135 371 3201 praedis.
389 3133 467 3183 insist.
486 3147 562 3200 prop.
581 3132 615 3181 G.
640 3161 675 3173 -
703 3134 855 3183 diuturnam
872 3151 925 3183 aaa
945 3132 993 3183 tlt.
1029 3135 1182 3186 diuturnam
1202 3142 1271 3197 (orn.

98 3205 166 3260 aaa)
185 3201 234 3250 Rs.
253 3228 288 3239 -
302 3216 335 3251 aa
351 3216 404 3249 orn.
424 3201 457 3251 G.
476 3227 509 3236 -—
526 3206 602 3250 meta
621 3198 652 3250 F.
669 3227 704 3238 -
721 3201 758 3251 de
777 3201 962 3251 marrtalitale
981 3200 1032 3252 111.
1049 3232 1081 3240 —
1099 3204 1271 3271 migrandum

97 3268 147 3320 BP
165 3269 223 3335 (un
241 3284 258 3319 a
275 3286 300 3336 p.
320 3273 372 3328 m.)
391 3269 444 3319 (ἐν.
494 3275 596 3319 marte
612 3268 783 3335 migrandum
804 3268 889 3319 FSRl
910 3268 966 3329 [R2
983 3286 999 3318 a
1019 3288 1076 3320 sec.
1093 3277 1144 3330 nr.)
1164 3272 1269 3324 i-nuo.

96 3366 132 3375 ··-
150 3338 219 3388 altra
235 3353 294 3387 eam
309 3335 339 3387 F.
363 3364 389 3372 -
408 3336 536 3402 speciata
552 3336 626 3386 ultra
643 3336 767 3389 traxisset
784 3336 819 3385 G.
972 3339 996 3385 3.
1032 3340 1061 3389 ia
1079 3339 1167 3389 anime
1182 3341 1269 3409 igitar

97 3404 130 3455 F.
150 3432 182 3442 —
200 3405 369 3455 somniantes
387 3409 461 3469 (sup.
481 3404 517 3461 is)
538 3404 586 3453 ll2.
605 3431 639 3440 -
656 3404 726 3453 cirea
746 3404 863 3454 divina
880 3403 1034 3467 erigendam
1051 3405 1157 3455 Edd.G.
1194 3408 1270 3469 „Va-

98 3488 160 3523 cem
186 3473 280 3522 diaiaa
306 3472 410 3522 indicio
434 3478 561 3522 veterum
587 3470 721 3521 librorum
749 3471 803 3536 [sie
829 3470 1268 3543 Busruisuorsnassmxrnn]

97 3540 241 3593 abundare
257 3539 419 3605 pronuntio:
455 3538 571 3603 quodsi
590 3538 651 3588 illis
671 3538 769 3589 invitis
788 3553 849 3589 eam
873 3538 1010 3601 retinens,
1044 3539 1269 3595 inconcinneni-

97 3608 187 3661 mium
205 3607 355 3674 apparebit
372 3604 568 3671 subsequentis
588 3606 697 3672 periodi
714 3607 812 3659 ardo.“
838 3606 923 3657 Gran.
948 3634 981 3643 -
1009 3610 1112 3675 patitur
1129 3612 1268 3663 terramF

97 3678 151 3729 ΕΙ.
172 3705 199 3714 -
218 3682 326 3727 natata
342 3692 365 3727 s.
380 3703 413 3714 -
428 3682 457 3727 et
474 3674 641 3726 modulamen
658 3673 708 3725 Rs.
862 3678 886 3725 4.
922 3677 1085 3743 egreditar
1103 3694 1127 3729 v.
1145 3706 1177 3717 ·-
1195 3688 1267 3732 tuac

133 3844 202 3908 Xll,
228 3848 255 3896 2.
296 3860 396 3896 caraem
417 3842 502 3910 aperis
524 3844 660 3895 sentiaca-
744 3844 814 3894 eirca
838 3842 992 3911 erigendum
1015 3849 1116 3913 nepotis
1139 3849 1267 3918 animem]

97 3914 174 3981 tiam]
196 3912 215 3964 i.
233 3930 257 3964 e.
276 3916 364 3963 tetum
386 3910 589 3963 sententiarum
611 3928 659 3965 ne-
709 3908 752 3961 Οἳ.
771 3908 889 3976 Quintil.
907 3912 958 3976 lt,
983 3916 1011 3972 1,
1033 3918 1057 3965 9.
1076 3916 1138 3965 inde
1155 3916 1203 3965 illa
1222 3934 1267 3967 oe·

98 4000 175 4036 xum.
210 3980 535 4046 Gt.Snrnn.11‚2sqq.
708 3986 793 4031 terem
814 3980 904 4029 eirca
926 3982 1122 4033 occultandam
1143 3984 1266 4049 eloquea-

708 4048 786 4098 tiam
806 4048 953 4111 simulatio,
987 4055 1015 4101 et
1033 4049 1085 4114 lv,
1104 4053 1133 4112 5,
1157 4054 1181 4100 6.
1204 4051 1266 4117 plus
1371 4112 1374 4119 Ι

709 4116 860 4181 eloquentia
878 4117 967 4167 circa
985 4118 1163 4169 movendum
1181 4118 1268 4181 valeta

708 4188 737 4233 et
754 4181 866 4234 Deiera
886 4190 970 4249 atque
986 4184 1127 4237 Salmasiu
1144 4186 1278 4237 ειιιεῑοιί-Γ

708 4251 762 4302 uns
782 4248 858 4301 Flar.
882 4250 938 4314 lll,
960 4256 1007 4316 19,
1031 4256 1071 4303 12.
1095 4254 1156 4304 dam
1177 4255 1267 4306 eirca

708 4317 978 4385 adprehendendum
1019 4337 1090 4372 eam
1125 4323 1269 4375 multituda

709 4386 849 4438 contendit.
886 4386 943 4439 Vax
966 4388 1058 4439 divina
1082 4389 1187 4441 insert-a
1205 4408 1268 4442 esse

135 4456 162 4503 3.
198 4453 336 4523 utrimque]
363 4452 662 4508 inseruissent
709 4453 822 4505 videtur
859 4455 895 4506 als
927 4455 1041 4508 nornine
1081 4457 1166 4511 huius
1203 4476 1284 4513 con·

103 4518 204 4591 patris·
709 4520 874 4607 stractipais
891 4520 1000 4591 ignaro.

133 4086 163 4137 ia
210 4082 428 4134 inmortalitatem
476 4076 659 4149 migrandum]

100 4152 181 4219 Quod
200 4151 229 4204 in
252 4150 394 4218 plerisque
407 4146 475 4198 edd.
495 4155 523 4198 et
543 4146 572 4199 ia
591 4164 659 4199 non-

100 4220 188 4271 nullis
200 4220 268 4270 Mss.
286 4218 399 4269 additur
415 4214 574 4282 explicandi
592 4232 659 4266 eau-

103 4300 143 4350 sa,
162 4294 251 4351 marte,
268 4287 307 4351 id,
326 4283 439 4339 etiamsi
458 4285 549 4350 abest,
566 4288 659 4351 potest

102 4353 236 4423 intelligi.
