<?xml version="1.0" encoding="UTF-8"?>
<!DOCTYPE html PUBLIC "-//W3C//DTD XHTML 1.0 Transitional//EN"
    "http://www.w3.org/TR/xhtml1/DTD/xhtml1-transitional.dtd">
<html xmlns="http://www.w3.org/1999/xhtml" xml:lang="en" lang="en">
 <head>
  <title>
</title>
<meta http-equiv="Content-Type" content="text/html;charset=utf-8" />
  <meta name='ocr-system' content='tesseract 3.04.00' />
  <meta name='ocr-capabilities' content='ocr_page ocr_carea ocr_par ocr_line ocrx_word'/>
</head>
<body>
  <div class='ocr_page' id='page_1' title='image "./macrobiiambrosi02jangoog_0375.png"; bbox 0 0 2950 4992; ppageno 0'>
   <div class='ocr_carea' id='block_1_1' title="bbox 86 170 1255 254">
    <p class='ocr_par' dir='ltr' id='par_1_1' title="bbox 86 170 1255 254">
     <span class='ocr_line' id='line_1_1' title="bbox 86 170 1255 254; baseline -0.006 -5"><span class='ocrx_word' id='word_1_1' title='bbox 86 183 147 249; x_wconf 90' lang='lat' dir='ltr'><strong>DE</strong></span> <span class='ocrx_word' id='word_1_2' title='bbox 164 180 270 247; x_wconf 87' lang='lat' dir='ltr'><strong>DIFF.</strong></span> <span class='ocrx_word' id='word_1_3' title='bbox 283 178 338 244; x_wconf 83' lang='lat' dir='ltr'><strong>ET</strong></span> <span class='ocrx_word' id='word_1_4' title='bbox 357 174 446 244; x_wconf 87' lang='lat' dir='ltr'><strong>SOC.</strong></span> <span class='ocrx_word' id='word_1_5' title='bbox 459 170 616 241; x_wconf 76' lang='lat' dir='ltr'>GRAECI</span> <span class='ocrx_word' id='word_1_6' title='bbox 636 171 767 254; x_wconf 67' lang='lat' dir='ltr'><strong>Luam.</strong></span> <span class='ocrx_word' id='word_1_7' title='bbox 784 174 920 244; x_wconf 82' lang='lat' dir='ltr'><strong>VERBL</strong></span> <span class='ocrx_word' id='word_1_8' title='bbox 962 177 1047 243; x_wconf 81' lang='lat' dir='ltr'><strong>XIII.</strong></span> <span class='ocrx_word' id='word_1_9' title='bbox 1068 176 1152 245; x_wconf 82' lang='lat' dir='ltr'><strong>xlv.</strong></span> <span class='ocrx_word' id='word_1_10' title='bbox 1193 174 1255 244; x_wconf 72' lang='lat'><strong>251</strong></span> 
     </span>
    </p>
   </div>
   <div class='ocr_carea' id='block_1_2' title="bbox 54 341 1317 3746">
    <p class='ocr_par' dir='ltr' id='par_1_2' title="bbox 86 341 1310 1176">
     <span class='ocr_line' id='line_1_2' title="bbox 87 341 1257 441; baseline -0.004 -25"><span class='ocrx_word' id='word_1_11' title='bbox 87 349 223 437; x_wconf 88' lang='lat' dir='ltr'><strong>gationis</strong></span> <span class='ocrx_word' id='word_1_12' title='bbox 247 346 363 413; x_wconf 79' lang='lat' dir='ltr'><strong>laniunt</strong></span> <span class='ocrx_word' id='word_1_13' title='bbox 388 346 427 409; x_wconf 82' lang='lat'><strong>11</strong></span> <span class='ocrx_word' id='word_1_14' title='bbox 441 341 499 410; x_wconf 77' lang='grc' dir='ltr'><strong>καὶ</strong></span> <span class='ocrx_word' id='word_1_15' title='bbox 523 344 555 407; x_wconf 84' lang='grc' dir='ltr'><strong><em>Τ</em></strong></span> <span class='ocrx_word' id='word_1_16' title='bbox 577 360 657 441; x_wconf 84' lang='lat' dir='ltr'><strong>quae</strong></span> <span class='ocrx_word' id='word_1_17' title='bbox 683 342 715 407; x_wconf 92' lang='lat' dir='ltr'><strong>in</strong></span> <span class='ocrx_word' id='word_1_18' title='bbox 743 344 911 429; x_wconf 88' lang='lat' dir='ltr'><strong>praesentis</strong></span> <span class='ocrx_word' id='word_1_19' title='bbox 960 344 1037 411; x_wconf 88' lang='lat' dir='ltr'><strong>rima</strong></span> <span class='ocrx_word' id='word_1_20' title='bbox 1061 352 1192 432; x_wconf 88' lang='lat' dir='ltr'><strong>persona</strong></span> <span class='ocrx_word' id='word_1_21' title='bbox 1221 348 1257 411; x_wconf 72' lang='grc' dir='ltr'>Ω</span> 
     </span>
     <span class='ocr_line' id='line_1_3' title="bbox 87 427 1259 515; baseline -0.004 -14"><span class='ocrx_word' id='word_1_22' title='bbox 87 437 212 502; x_wconf 77' lang='lat' dir='ltr'>literam</span> <span class='ocrx_word' id='word_1_23' title='bbox 235 430 437 499; x_wconf 79' lang='lat' dir='ltr'><strong>antecedunt:</strong></span> <span class='ocrx_word' id='word_1_24' title='bbox 472 448 552 515; x_wconf 90' lang='lat' dir='ltr'><strong>quae</strong></span> <span class='ocrx_word' id='word_1_25' title='bbox 574 448 660 513; x_wconf 87' lang='lat' dir='ltr'><strong>srgna</strong></span> <span class='ocrx_word' id='word_1_26' title='bbox 678 427 790 494; x_wconf 87' lang='lat' dir='ltr'><strong>desunt</strong></span> <span class='ocrx_word' id='word_1_27' title='bbox 811 436 843 494; x_wconf 93' lang='lat' dir='ltr'><strong>et</strong></span> <span class='ocrx_word' id='word_1_28' title='bbox 861 429 893 493; x_wconf 91' lang='lat' dir='ltr'><strong>in</strong></span> <span class='ocrx_word' id='word_1_29' title='bbox 910 450 930 493; x_wconf 90' lang='grc' dir='ltr'><em>τ</em></span> <span class='ocrx_word' id='word_1_30' title='bbox 986 453 1033 515; x_wconf 80' lang='grc' dir='ltr'><strong>φα</strong></span> <span class='ocrx_word' id='word_1_31' title='bbox 1050 439 1082 495; x_wconf 90' lang='lat' dir='ltr'><strong>et</strong></span> <span class='ocrx_word' id='word_1_32' title='bbox 1102 432 1134 496; x_wconf 90' lang='lat' dir='ltr'><strong>in</strong></span> <span class='ocrx_word' id='word_1_33' title='bbox 1157 430 1259 511; x_wconf 72' lang='grc' dir='ltr'><em>ἔτυψε</em></span> 
     </span>
     <span class='ocr_line' id='line_1_4' title="bbox 87 512 1258 601; baseline -0.001 -15"><span class='ocrx_word' id='word_1_34' title='bbox 87 531 121 586; x_wconf 90' lang='lat' dir='ltr'><strong>et</strong></span> <span class='ocrx_word' id='word_1_35' title='bbox 143 519 175 585; x_wconf 92' lang='lat' dir='ltr'><strong>in</strong></span> <span class='ocrx_word' id='word_1_36' title='bbox 195 514 298 595; x_wconf 74' lang='grc' dir='ltr'><em>τήνω.</em></span> <span class='ocrx_word' id='word_1_37' title='bbox 343 513 440 599; x_wconf 87' lang='grc' dir='ltr'><em>Λέγω</em></span> <span class='ocrx_word' id='word_1_38' title='bbox 461 520 588 601; x_wconf 91' lang='lat' dir='ltr'><strong>propter</strong></span> <span class='ocrx_word' id='word_1_39' title='bbox 605 516 638 577; x_wconf 94' lang='grc' dir='ltr'><strong><em>Γ</em></strong></span> <span class='ocrx_word' id='word_1_40' title='bbox 650 512 802 579; x_wconf 83' lang='lat' dir='ltr'><strong>secundae</strong></span> <span class='ocrx_word' id='word_1_41' title='bbox 819 521 876 589; x_wconf 87' lang='lat' dir='ltr'><strong>est,</strong></span> <span class='ocrx_word' id='word_1_42' title='bbox 898 514 981 600; x_wconf 86' lang='lat' dir='ltr'><strong>qnod</strong></span> <span class='ocrx_word' id='word_1_43' title='bbox 1001 515 1122 599; x_wconf 90' lang='lat' dir='ltr'><strong>signum</strong></span> <span class='ocrx_word' id='word_1_44' title='bbox 1144 516 1258 584; x_wconf 81' lang='lat' dir='ltr'><strong>hahere</strong></span> 
     </span>
     <span class='ocr_line' id='line_1_5' title="bbox 87 592 1258 684; baseline -0.002 -13"><span class='ocrx_word' id='word_1_45' title='bbox 87 603 203 671; x_wconf 89' lang='lat' dir='ltr'><strong>desinit</strong></span> <span class='ocrx_word' id='word_1_46' title='bbox 230 604 262 668; x_wconf 92' lang='lat' dir='ltr'><strong>in</strong></span> <span class='ocrx_word' id='word_1_47' title='bbox 289 596 402 684; x_wconf 81' lang='grc' dir='ltr'><em>λέλεχα</em></span> <span class='ocrx_word' id='word_1_48' title='bbox 433 594 524 676; x_wconf 79' lang='grc' dir='ltr'><em>ἔλεξα</em></span> <span class='ocrx_word' id='word_1_49' title='bbox 551 592 650 676; x_wconf 73' lang='grc' dir='ltr'><em>λέξωτ</em></span> <span class='ocrx_word' id='word_1_50' title='bbox 690 596 734 663; x_wconf 88' lang='lat' dir='ltr'><strong>sie</strong></span> <span class='ocrx_word' id='word_1_51' title='bbox 761 598 793 663; x_wconf 92' lang='lat' dir='ltr'><strong>in</strong></span> <span class='ocrx_word' id='word_1_52' title='bbox 821 599 949 684; x_wconf 90' lang='lat' dir='ltr'><strong>reliquis</strong></span> <span class='ocrx_word' id='word_1_53' title='bbox 981 600 1258 683; x_wconf 84' lang='lat' dir='ltr'><strong>coniugationibus.</strong></span> 
     </span>
     <span class='ocr_line' id='line_1_6' title="bbox 87 682 1307 771; baseline -0.001 -15"><span class='ocrx_word' id='word_1_54' title='bbox 87 692 241 759; x_wconf 81' lang='lat' dir='ltr'><strong>Praesens</strong></span> <span class='ocrx_word' id='word_1_55' title='bbox 267 695 390 771; x_wconf 90' lang='lat' dir='ltr'><strong>tempus</strong></span> <span class='ocrx_word' id='word_1_56' title='bbox 419 682 554 750; x_wconf 85' lang='lat' dir='ltr'><strong>ostendit</strong></span> <span class='ocrx_word' id='word_1_57' title='bbox 587 690 619 747; x_wconf 88' lang='lat' dir='ltr'><strong>et</strong></span> <span class='ocrx_word' id='word_1_58' title='bbox 652 701 765 769; x_wconf 88' lang='lat' dir='ltr'><strong>genera</strong></span> <span class='ocrx_word' id='word_1_59' title='bbox 795 682 972 750; x_wconf 89' lang='lat' dir='ltr'><strong>verborum.</strong></span> <span class='ocrx_word' id='word_1_60' title='bbox 1013 684 1091 751; x_wconf 90' lang='lat' dir='ltr'><strong>Nam</strong></span> <span class='ocrx_word' id='word_1_61' title='bbox 1124 686 1307 758; x_wconf 82' lang='lat' dir='ltr'><strong>activum13</strong></span> 
     </span>
     <span class='ocr_line' id='line_1_7' title="bbox 86 766 1307 861; baseline -0.006 -19"><span class='ocrx_word' id='word_1_62' title='bbox 86 784 142 842; x_wconf 88' lang='lat' dir='ltr'><strong>aut</strong></span> <span class='ocrx_word' id='word_1_63' title='bbox 164 784 308 840; x_wconf 89' lang='lat' dir='ltr'><strong>neutrum</strong></span> <span class='ocrx_word' id='word_1_64' title='bbox 333 769 470 836; x_wconf 83' lang='lat' dir='ltr'><strong>Graecus</strong></span> <span class='ocrx_word' id='word_1_65' title='bbox 491 766 654 853; x_wconf 81' lang='lat' dir='ltr'><strong>intellegit,</strong></span> <span class='ocrx_word' id='word_1_66' title='bbox 676 768 702 833; x_wconf 91' lang='lat' dir='ltr'><strong>si</strong></span> <span class='ocrx_word' id='word_1_67' title='bbox 723 768 755 833; x_wconf 89' lang='lat' dir='ltr'><strong>in</strong></span> <span class='ocrx_word' id='word_1_68' title='bbox 779 770 813 831; x_wconf 79' lang='lat' dir='ltr'><strong>st</strong></span> <span class='ocrx_word' id='word_1_69' title='bbox 836 789 981 854; x_wconf 82' lang='lat' dir='ltr'>praesens</span> <span class='ocrx_word' id='word_1_70' title='bbox 1000 767 1133 834; x_wconf 87' lang='lat' dir='ltr'><strong>desinat:</strong></span> <span class='ocrx_word' id='word_1_71' title='bbox 1168 788 1307 861; x_wconf 68' lang='lat' dir='ltr'><strong>pas-[³01]</strong></span> 
     </span>
     <span class='ocr_line' id='line_1_8' title="bbox 87 852 1310 932; baseline -0.002 -5"><span class='ocrx_word' id='word_1_72' title='bbox 87 860 189 927; x_wconf 82' lang='lat' dir='ltr'><strong>sirum</strong></span> <span class='ocrx_word' id='word_1_73' title='bbox 211 858 258 927; x_wconf 82' lang='lat' dir='ltr'><strong>rel</strong></span> <span class='ocrx_word' id='word_1_74' title='bbox 283 874 446 921; x_wconf 85' lang='lat' dir='ltr'><strong>commune</strong></span> <span class='ocrx_word' id='word_1_75' title='bbox 468 862 500 919; x_wconf 92' lang='lat' dir='ltr'><strong>et</strong></span> <span class='ocrx_word' id='word_1_76' title='bbox 522 852 570 919; x_wconf 90' lang='lat' dir='ltr'><strong>his</strong></span> <span class='ocrx_word' id='word_1_77' title='bbox 592 852 718 932; x_wconf 88' lang='lat' dir='ltr'><strong>similia,</strong></span> <span class='ocrx_word' id='word_1_78' title='bbox 749 853 776 918; x_wconf 90' lang='lat' dir='ltr'><strong>si</strong></span> <span class='ocrx_word' id='word_1_79' title='bbox 798 852 831 919; x_wconf 91' lang='lat' dir='ltr'><strong>in</strong></span> <span class='ocrx_word' id='word_1_80' title='bbox 853 856 954 919; x_wconf 83' lang='lat' dir='ltr'><strong>MAI.</strong></span> <span class='ocrx_word' id='word_1_81' title='bbox 1001 854 1183 921; x_wconf 88' lang='lat' dir='ltr'><strong>Deelinondi</strong></span> <span class='ocrx_word' id='word_1_82' title='bbox 1205 877 1258 921; x_wconf 88' lang='lat' dir='ltr'><strong>an·</strong></span> <span class='ocrx_word' id='word_1_83' title='bbox 1270 862 1310 925; x_wconf 80' lang='lat'><strong>14</strong></span> 
     </span>
     <span class='ocr_line' id='line_1_9' title="bbox 87 936 1259 1031; baseline -0.005 -19"><span class='ocrx_word' id='word_1_84' title='bbox 87 954 153 1011; x_wconf 91' lang='lat' dir='ltr'><strong>tem</strong></span> <span class='ocrx_word' id='word_1_85' title='bbox 174 942 260 1011; x_wconf 82' lang='lat' dir='ltr'><strong>verbi</strong></span> <span class='ocrx_word' id='word_1_86' title='bbox 281 940 377 1007; x_wconf 88' lang='lat' dir='ltr'><strong>series</strong></span> <span class='ocrx_word' id='word_1_87' title='bbox 398 960 461 1005; x_wconf 90' lang='lat' dir='ltr'><strong>nou</strong></span> <span class='ocrx_word' id='word_1_88' title='bbox 485 938 545 1005; x_wconf 89' lang='lat' dir='ltr'><strong>nisi</strong></span> <span class='ocrx_word' id='word_1_89' title='bbox 564 957 635 1003; x_wconf 86' lang='lat' dir='ltr'><strong>eum</strong></span> <span class='ocrx_word' id='word_1_90' title='bbox 658 938 696 1003; x_wconf 91' lang='lat' dir='ltr'><strong>de</strong></span> <span class='ocrx_word' id='word_1_91' title='bbox 716 936 816 1004; x_wconf 90' lang='lat' dir='ltr'><strong>modis</strong></span> <span class='ocrx_word' id='word_1_92' title='bbox 836 945 984 1006; x_wconf 78' lang='lat' dir='ltr'><strong>tractatur</strong></span> <span class='ocrx_word' id='word_1_93' title='bbox 1005 948 1147 1026; x_wconf 91' lang='lat' dir='ltr'><strong>apparet,</strong></span> <span class='ocrx_word' id='word_1_94' title='bbox 1170 940 1259 1031; x_wconf 4' lang='lat' dir='ltr'><strong>&#39;tine</strong></span> 
     </span>
     <span class='ocr_line' id='line_1_10' title="bbox 88 1012 1258 1115; baseline -0.004 -19"><span class='ocrx_word' id='word_1_95' title='bbox 88 1030 200 1097; x_wconf 90' lang='lat' dir='ltr'><strong>modus</strong></span> <span class='ocrx_word' id='word_1_96' title='bbox 223 1026 304 1115; x_wconf 91' lang='lat' dir='ltr'><strong>apud</strong></span> <span class='ocrx_word' id='word_1_97' title='bbox 325 1024 460 1093; x_wconf 85' lang='lat' dir='ltr'><strong>Graecos</strong></span> <span class='ocrx_word' id='word_1_98' title='bbox 482 1020 623 1107; x_wconf 77' lang='grc' dir='ltr'><em>ἔγκλισις</em></span> <span class='ocrx_word' id='word_1_99' title='bbox 643 1032 855 1109; x_wconf 85' lang='lat' dir='ltr'><strong>nuncupatur,</strong></span> <span class='ocrx_word' id='word_1_100' title='bbox 883 1023 914 1089; x_wconf 88' lang='lat' dir='ltr'><strong>id</strong></span> <span class='ocrx_word' id='word_1_101' title='bbox 935 1033 983 1090; x_wconf 88' lang='lat' dir='ltr'><strong>est</strong></span> <span class='ocrx_word' id='word_1_102' title='bbox 1003 1022 1040 1089; x_wconf 85' lang='grc' dir='ltr'><strong>έν</strong></span> <span class='ocrx_word' id='word_1_103' title='bbox 1058 1012 1125 1113; x_wconf 68' lang='lat' dir='ltr'><strong>pisi</strong></span> <span class='ocrx_word' id='word_1_104' title='bbox 1145 1027 1258 1104; x_wconf 84' lang='grc' dir='ltr'><em>κλίσις.</em></span> 
     </span>
     <span class='ocr_line' id='line_1_11' title="bbox 376 1106 970 1176; baseline -0.003 -1"><span class='ocrx_word' id='word_1_105' title='bbox 376 1110 460 1176; x_wconf 84' lang='lat' dir='ltr'><strong>XIV.</strong></span> <span class='ocrx_word' id='word_1_106' title='bbox 503 1109 552 1175; x_wconf 82' lang='lat' dir='ltr'><strong>Ile</strong></span> <span class='ocrx_word' id='word_1_107' title='bbox 575 1107 780 1173; x_wconf 79' lang='lat' dir='ltr'><strong>declinatione</strong></span> <span class='ocrx_word' id='word_1_108' title='bbox 806 1106 970 1174; x_wconf 79' lang='lat' dir='ltr'><strong>indicativi.</strong></span> 
     </span>
    </p>

    <p class='ocr_par' dir='ltr' id='par_1_3' title="bbox 54 1191 1312 2047">
     <span class='ocr_line' id='line_1_12' title="bbox 176 1191 1307 1283; baseline 0.003 -21"><span class='ocrx_word' id='word_1_109' title='bbox 176 1195 279 1263; x_wconf 85' lang='lat' dir='ltr'><strong>Omne</strong></span> <span class='ocrx_word' id='word_1_110' title='bbox 298 1194 380 1283; x_wconf 80' lang='lat' dir='ltr'><strong>opud</strong></span> <span class='ocrx_word' id='word_1_111' title='bbox 400 1194 535 1261; x_wconf 87' lang='lat' dir='ltr'><strong>Graecos</strong></span> <span class='ocrx_word' id='word_1_112' title='bbox 553 1192 682 1259; x_wconf 85' lang='lat' dir='ltr'><strong>verbum</strong></span> <span class='ocrx_word' id='word_1_113' title='bbox 703 1191 902 1258; x_wconf 79' lang='lat' dir='ltr'><strong>indicativam</strong></span> <span class='ocrx_word' id='word_1_114' title='bbox 924 1192 955 1257; x_wconf 91' lang='lat' dir='ltr'><strong>in</strong></span> <span class='ocrx_word' id='word_1_115' title='bbox 976 1194 1011 1256; x_wconf 80' lang='lat' dir='ltr'><strong>st</strong></span> <span class='ocrx_word' id='word_1_116' title='bbox 1031 1192 1184 1273; x_wconf 87' lang='lat' dir='ltr'><strong>desinens,</strong></span> <span class='ocrx_word' id='word_1_117' title='bbox 1203 1214 1260 1263; x_wconf 88' lang='lat' dir='ltr'><strong>sen</strong></span> <span class='ocrx_word' id='word_1_118' title='bbox 1291 1201 1307 1265; x_wconf 93' lang='lat' dir='ltr'><strong>l</strong></span> 
     </span>
     <span class='ocr_line' id='line_1_13' title="bbox 88 1278 1260 1367; baseline -0.001 -20"><span class='ocrx_word' id='word_1_119' title='bbox 88 1282 262 1367; x_wconf 86' lang='lat' dir='ltr'><strong>harytonon</strong></span> <span class='ocrx_word' id='word_1_120' title='bbox 284 1302 339 1347; x_wconf 90' lang='lat' dir='ltr'><strong>seu</strong></span> <span class='ocrx_word' id='word_1_121' title='bbox 358 1279 608 1367; x_wconf 88' lang='lat' dir='ltr'><strong>perispomenum</strong></span> <span class='ocrx_word' id='word_1_122' title='bbox 630 1278 685 1355; x_wconf 90' lang='lat' dir='ltr'><strong>sit,</strong></span> <span class='ocrx_word' id='word_1_123' title='bbox 711 1298 767 1343; x_wconf 89' lang='lat' dir='ltr'><strong>seu</strong></span> <span class='ocrx_word' id='word_1_124' title='bbox 788 1278 958 1363; x_wconf 88' lang='lat' dir='ltr'><strong>praesentis</strong></span> <span class='ocrx_word' id='word_1_125' title='bbox 979 1298 1035 1343; x_wconf 89' lang='lat' dir='ltr'><strong>seu</strong></span> <span class='ocrx_word' id='word_1_126' title='bbox 1056 1278 1168 1357; x_wconf 82' lang='lat' dir='ltr'><strong>laturi,</strong></span> <span class='ocrx_word' id='word_1_127' title='bbox 1193 1301 1260 1346; x_wconf 91' lang='lat' dir='ltr'><strong>orn-</strong></span> 
     </span>
     <span class='ocr_line' id='line_1_14' title="bbox 89 1362 1260 1451; baseline -0.002 -19"><span class='ocrx_word' id='word_1_128' title='bbox 89 1366 217 1433; x_wconf 91' lang='lat' dir='ltr'><strong>nimodo</strong></span> <span class='ocrx_word' id='word_1_129' title='bbox 244 1367 276 1431; x_wconf 89' lang='lat' dir='ltr'><strong>in</strong></span> <span class='ocrx_word' id='word_1_130' title='bbox 303 1364 454 1431; x_wconf 85' lang='lat' dir='ltr'><strong>secundae</strong></span> <span class='ocrx_word' id='word_1_131' title='bbox 481 1382 631 1451; x_wconf 89' lang='lat' dir='ltr'><strong>personae</strong></span> <span class='ocrx_word' id='word_1_132' title='bbox 657 1362 718 1427; x_wconf 87' lang='lat' dir='ltr'><strong>fine</strong></span> <span class='ocrx_word' id='word_1_133' title='bbox 746 1362 972 1449; x_wconf 86' lang='lat' dir='ltr'><strong>diphthongum</strong></span> <span class='ocrx_word' id='word_1_134' title='bbox 998 1362 1111 1428; x_wconf 90' lang='lat' dir='ltr'><strong>haheat</strong></span> <span class='ocrx_word' id='word_1_135' title='bbox 1136 1385 1260 1430; x_wconf 87' lang='lat' dir='ltr'><strong>neeesse</strong></span> 
     </span>
     <span class='ocr_line' id='line_1_15' title="bbox 90 1447 1259 1537; baseline -0.003 -20"><span class='ocrx_word' id='word_1_136' title='bbox 90 1460 147 1531; x_wconf 90' lang='lat' dir='ltr'><strong>est,</strong></span> <span class='ocrx_word' id='word_1_137' title='bbox 168 1452 198 1517; x_wconf 91' lang='lat' dir='ltr'><strong>id</strong></span> <span class='ocrx_word' id='word_1_138' title='bbox 220 1458 267 1517; x_wconf 89' lang='lat' dir='ltr'><strong>est</strong></span> <span class='ocrx_word' id='word_1_139' title='bbox 288 1451 367 1516; x_wconf 82' lang='grc' dir='ltr'><em>λοῖτα</em></span> <span class='ocrx_word' id='word_1_140' title='bbox 387 1450 435 1516; x_wconf 86' lang='lat' dir='ltr'><strong>vel</strong></span> <span class='ocrx_word' id='word_1_141' title='bbox 456 1470 525 1516; x_wconf 90' lang='lat' dir='ltr'><strong>cum</strong></span> <span class='ocrx_word' id='word_1_142' title='bbox 547 1452 588 1527; x_wconf 90' lang='grc' dir='ltr'><strong>Ε,</strong></span> <span class='ocrx_word' id='word_1_143' title='bbox 612 1455 648 1512; x_wconf 92' lang='lat' dir='ltr'><strong>ut</strong></span> <span class='ocrx_word' id='word_1_144' title='bbox 667 1452 781 1525; x_wconf 94' lang='grc' dir='ltr'><em>ποιεῖς,</em></span> <span class='ocrx_word' id='word_1_145' title='bbox 802 1447 849 1513; x_wconf 83' lang='lat' dir='ltr'><strong>rel</strong></span> <span class='ocrx_word' id='word_1_146' title='bbox 871 1468 940 1514; x_wconf 88' lang='lat' dir='ltr'><strong>oum</strong></span> <span class='ocrx_word' id='word_1_147' title='bbox 963 1452 1005 1527; x_wconf 84' lang='lat' dir='ltr'><strong>A,</strong></span> <span class='ocrx_word' id='word_1_148' title='bbox 1026 1456 1064 1514; x_wconf 91' lang='lat' dir='ltr'><strong>ut</strong></span> <span class='ocrx_word' id='word_1_149' title='bbox 1080 1450 1183 1537; x_wconf 72' lang='grc' dir='ltr'><em>τιμᾷς,</em></span> <span class='ocrx_word' id='word_1_150' title='bbox 1210 1450 1259 1516; x_wconf 84' lang='lat' dir='ltr'><strong>vel</strong></span> 
     </span>
     <span class='ocr_line' id='line_1_16' title="bbox 90 1530 1261 1619; baseline -0.004 -17"><span class='ocrx_word' id='word_1_151' title='bbox 90 1557 161 1603; x_wconf 88' lang='lat' dir='ltr'><strong>eum</strong></span> <span class='ocrx_word' id='word_1_152' title='bbox 188 1538 231 1617; x_wconf 93' lang='grc'><em>0,</em></span> <span class='ocrx_word' id='word_1_153' title='bbox 261 1543 298 1602; x_wconf 88' lang='lat' dir='ltr'><strong>ut</strong></span> <span class='ocrx_word' id='word_1_154' title='bbox 319 1534 339 1601; x_wconf 85' lang='lat' dir='ltr'><strong>d</strong></span> <span class='ocrx_word' id='word_1_155' title='bbox 360 1538 447 1612; x_wconf 72' lang='grc' dir='ltr'><em>λοῖςι</em></span> <span class='ocrx_word' id='word_1_156' title='bbox 489 1535 521 1599; x_wconf 92' lang='lat' dir='ltr'><strong>in</strong></span> <span class='ocrx_word' id='word_1_157' title='bbox 544 1532 628 1598; x_wconf 92' lang='lat' dir='ltr'><strong>omni</strong></span> <span class='ocrx_word' id='word_1_158' title='bbox 650 1540 754 1599; x_wconf 90' lang='lat' dir='ltr'><strong>autem</strong></span> <span class='ocrx_word' id='word_1_159' title='bbox 775 1532 881 1598; x_wconf 82' lang='lat' dir='ltr'><strong>lutuno</strong></span> <span class='ocrx_word' id='word_1_160' title='bbox 903 1553 973 1599; x_wconf 87' lang='lat' dir='ltr'><strong>enm</strong></span> <span class='ocrx_word' id='word_1_161' title='bbox 995 1536 1042 1611; x_wconf 90' lang='grc' dir='ltr'><strong>Ε,</strong></span> <span class='ocrx_word' id='word_1_162' title='bbox 1078 1542 1116 1598; x_wconf 89' lang='lat' dir='ltr'><strong>nt</strong></span> <span class='ocrx_word' id='word_1_163' title='bbox 1133 1530 1261 1619; x_wconf 88' lang='grc' dir='ltr'><em>νοήσεις</em></span> 
     </span>
     <span class='ocr_line' id='line_1_17' title="bbox 90 1560 1312 1707; baseline 0.005 -23"><span class='ocrx_word' id='word_1_164' title='bbox 90 1618 220 1706; x_wconf 87' lang='grc' dir='ltr'><em>βοήσεις</em></span> <span class='ocrx_word' id='word_1_165' title='bbox 244 1560 420 1707; x_wconf 69' lang='grc' dir='ltr'><em>κρατήσεις</em></span> <span class='ocrx_word' id='word_1_166' title='bbox 447 1615 550 1697; x_wconf 80' lang='grc' dir='ltr'><em>λέξεις</em></span> <span class='ocrx_word' id='word_1_167' title='bbox 575 1612 696 1694; x_wconf 78' lang='grc' dir='ltr'><em>τύψας.</em></span> <span class='ocrx_word' id='word_1_168' title='bbox 738 1619 817 1683; x_wconf 87' lang='lat' dir='ltr'><strong>Item</strong></span> <span class='ocrx_word' id='word_1_169' title='bbox 846 1617 878 1683; x_wconf 92' lang='lat' dir='ltr'><strong>in</strong></span> <span class='ocrx_word' id='word_1_170' title='bbox 907 1618 991 1683; x_wconf 92' lang='lat' dir='ltr'><strong>omni</strong></span> <span class='ocrx_word' id='word_1_171' title='bbox 1019 1618 1139 1684; x_wconf 84' lang='lat' dir='ltr'><strong>Graeco</strong></span> <span class='ocrx_word' id='word_1_172' title='bbox 1166 1620 1261 1685; x_wconf 85' lang='lat' dir='ltr'><strong>verho</strong></span> <span class='ocrx_word' id='word_1_173' title='bbox 1290 1626 1312 1690; x_wconf 76' lang='lat'><strong>2</strong></span> 
     </span>
     <span class='ocr_line' id='line_1_18' title="bbox 90 1701 1312 1873; baseline 0 -18"><span class='ocrx_word' id='word_1_174' title='bbox 90 1701 683 1856; x_wconf 51' lang='lat' dir='ltr'><strong>tlttl‘lltddhl,lilith</strong></span> <span class='ocrx_word' id='word_1_175' title='bbox 705 1701 1262 1873; x_wconf 64' lang='lat' dir='ltr'><strong>tttlsltttttltttttt</strong></span> <span class='ocrx_word' id='word_1_176' title='bbox 1291 1795 1312 1862; x_wconf 84' lang='lat'><strong>3</strong></span> 
     </span>
     <span class='ocr_line' id='line_1_19' title="bbox 91 1872 1262 1961; baseline 0 -21"><span class='ocrx_word' id='word_1_177' title='bbox 91 1874 257 1961; x_wconf 87' lang='lat' dir='ltr'><strong>iugationis</strong></span> <span class='ocrx_word' id='word_1_178' title='bbox 287 1883 319 1941; x_wconf 89' lang='lat' dir='ltr'><strong>et</strong></span> <span class='ocrx_word' id='word_1_179' title='bbox 347 1873 496 1961; x_wconf 90' lang='lat' dir='ltr'><strong>temporis</strong></span> <span class='ocrx_word' id='word_1_180' title='bbox 524 1872 732 1955; x_wconf 80' lang='grc' dir='ltr'><em>λσοσνλλαβεῖ</em></span> <span class='ocrx_word' id='word_1_181' title='bbox 756 1872 788 1937; x_wconf 91' lang='lat' dir='ltr'><strong>in</strong></span> <span class='ocrx_word' id='word_1_182' title='bbox 814 1872 913 1960; x_wconf 92' lang='lat' dir='ltr'><strong>prima</strong></span> <span class='ocrx_word' id='word_1_183' title='bbox 947 1874 1080 1939; x_wconf 83' lang='lat' dir='ltr'><strong>secunde</strong></span> <span class='ocrx_word' id='word_1_184' title='bbox 1114 1883 1146 1939; x_wconf 89' lang='lat' dir='ltr'><strong>et</strong></span> <span class='ocrx_word' id='word_1_185' title='bbox 1171 1876 1262 1940; x_wconf 88' lang='lat' dir='ltr'><strong>tertia</strong></span> 
     </span>
     <span class='ocr_line' id='line_1_20' title="bbox 54 1953 1263 2047; baseline -0.001 -22"><span class='ocrx_word' id='word_1_186' title='bbox 54 1972 56 1976; x_wconf 82' lang='grc'><strong>“</strong></span> <span class='ocrx_word' id='word_1_187' title='bbox 90 1980 238 2047; x_wconf 72' lang='grc' dir='ltr'><em>ρεστορε,</em></span> <span class='ocrx_word' id='word_1_188' title='bbox 275 1960 359 2025; x_wconf 81' lang='grc' dir='ltr'><em>ποιοῖ</em></span> <span class='ocrx_word' id='word_1_189' title='bbox 379 1964 482 2035; x_wconf 80' lang='grc' dir='ltr'><em>ποιεῖς</em></span> <span class='ocrx_word' id='word_1_190' title='bbox 508 1962 609 2037; x_wconf 86' lang='grc' dir='ltr'><em>ποιεῖ,</em></span> <span class='ocrx_word' id='word_1_191' title='bbox 648 1953 812 2039; x_wconf 68' lang='lat' dir='ltr'><strong>setene</strong></span> <span class='ocrx_word' id='word_1_192' title='bbox 835 1954 914 2045; x_wconf 78' lang='grc' dir='ltr'><em>έρᾷ,</em></span> <span class='ocrx_word' id='word_1_193' title='bbox 950 1954 1084 2044; x_wconf 75' lang='grc' dir='ltr'><em>οέργνροῖ</em></span> <span class='ocrx_word' id='word_1_194' title='bbox 1104 1953 1263 2045; x_wconf 73' lang='grc' dir='ltr'><em>ἄργυροῖς</em></span> 
     </span>
    </p>

    <p class='ocr_par' dir='ltr' id='par_1_4' title="bbox 90 1980 1313 2301">
     <span class='ocr_line' id='line_1_21' title="bbox 91 1980 1263 2141; baseline 0 -31"><span class='ocrx_word' id='word_1_195' title='bbox 91 2040 249 2131; x_wconf 77' lang='grc' dir='ltr'><em>ἀργυροῖ,</em></span> <span class='ocrx_word' id='word_1_196' title='bbox 282 2040 366 2128; x_wconf 88' lang='grc' dir='ltr'><em>λέγω</em></span> <span class='ocrx_word' id='word_1_197' title='bbox 386 2040 489 2127; x_wconf 86' lang='grc' dir='ltr'><em>λέγεις</em></span> <span class='ocrx_word' id='word_1_198' title='bbox 509 2040 610 2126; x_wconf 84' lang='grc' dir='ltr'><em>λέγει,</em></span> <span class='ocrx_word' id='word_1_199' title='bbox 645 1980 728 2121; x_wconf 65' lang='grc' dir='ltr'><em>λέξω</em></span> <span class='ocrx_word' id='word_1_200' title='bbox 751 2020 853 2141; x_wconf 73' lang='grc' dir='ltr'><em>λέξεις</em></span> <span class='ocrx_word' id='word_1_201' title='bbox 874 2038 975 2123; x_wconf 80' lang='grc' dir='ltr'><em>λέξει,</em></span> <span class='ocrx_word' id='word_1_202' title='bbox 1005 2039 1114 2129; x_wconf 91' lang='grc' dir='ltr'><em>νοήσω</em></span> <span class='ocrx_word' id='word_1_203' title='bbox 1134 2042 1263 2130; x_wconf 77' lang='grc' dir='ltr'><em>νοήσεις</em></span> 
     </span>
     <span class='ocr_line' id='line_1_22' title="bbox 90 2126 1313 2301; baseline 0.001 -22"><span class='ocrx_word' id='word_1_204' title='bbox 90 2127 291 2281; x_wconf 61' lang='lat' dir='ltr'><strong>&#39;&#39;hii&#39;nh‘</strong></span> <span class='ocrx_word' id='word_1_205' title='bbox 305 2128 755 2281; x_wconf 64' lang='lat' dir='ltr'><strong>l⁰lii⁸e³⁰ehi⁶il⁰iihi⁸</strong></span> <span class='ocrx_word' id='word_1_206' title='bbox 773 2126 1263 2301; x_wconf 64' lang='lat' dir='ltr'><strong>ttfflt..t¹.tzll.tl¹tt;tt</strong></span> <span class='ocrx_word' id='word_1_207' title='bbox 1292 2134 1313 2199; x_wconf 80' lang='lat'>⁴</span> 
     </span>
    </p>

    <p class='ocr_par' dir='ltr' id='par_1_5' title="bbox 91 2238 1317 3746">
     <span class='ocr_line' id='line_1_23' title="bbox 134 2238 1263 2387; baseline -0.001 -22"><span class='ocrx_word' id='word_1_208' title='bbox 134 2300 207 2365; x_wconf 83' lang='lat' dir='ltr'><strong>EN</strong></span> <span class='ocrx_word' id='word_1_209' title='bbox 222 2238 345 2387; x_wconf 52' lang='lat' dir='ltr'><strong>sy&#39;llahd)</strong></span> <span class='ocrx_word' id='word_1_210' title='bbox 359 2318 481 2385; x_wconf 89' lang='lat' dir='ltr'><strong>semper</strong></span> <span class='ocrx_word' id='word_1_211' title='bbox 502 2297 660 2378; x_wconf 88' lang='lat' dir='ltr'><strong>adiicitur,</strong></span> <span class='ocrx_word' id='word_1_212' title='bbox 686 2296 739 2363; x_wconf 90' lang='lat' dir='ltr'><strong>sed</strong></span> <span class='ocrx_word' id='word_1_213' title='bbox 766 2296 858 2361; x_wconf 89' lang='lat' dir='ltr'><strong>modo</strong></span> <span class='ocrx_word' id='word_1_214' title='bbox 880 2296 956 2363; x_wconf 91' lang='lat' dir='ltr'><strong>nihil</strong></span> <span class='ocrx_word' id='word_1_215' title='bbox 979 2297 1103 2362; x_wconf 91' lang='lat' dir='ltr'><strong>additur</strong></span> <span class='ocrx_word' id='word_1_216' title='bbox 1123 2298 1172 2364; x_wconf 84' lang='lat' dir='ltr'><strong>vel</strong></span> <span class='ocrx_word' id='word_1_217' title='bbox 1194 2319 1263 2385; x_wconf 90' lang='lat' dir='ltr'><strong>per·</strong></span> 
     </span>
     <span class='ocr_line' id='line_1_24' title="bbox 91 2376 1264 2467; baseline -0.003 -15"><span class='ocrx_word' id='word_1_218' title='bbox 91 2392 244 2464; x_wconf 87' lang='lat' dir='ltr'><strong>mutatur,</strong></span> <span class='ocrx_word' id='word_1_219' title='bbox 261 2394 298 2452; x_wconf 91' lang='lat' dir='ltr'><strong>ut</strong></span> <span class='ocrx_word' id='word_1_220' title='bbox 317 2385 349 2450; x_wconf 92' lang='lat' dir='ltr'><strong>in</strong></span> <span class='ocrx_word' id='word_1_221' title='bbox 367 2384 500 2451; x_wconf 86' lang='lat' dir='ltr'><strong>secunda</strong></span> <span class='ocrx_word' id='word_1_222' title='bbox 522 2376 794 2467; x_wconf 75' lang='grc' dir='ltr'><em>περισπωμένων,</em></span> <span class='ocrx_word' id='word_1_223' title='bbox 814 2382 882 2463; x_wconf 72' lang='lat' dir='ltr'><strong>poe</strong></span> <span class='ocrx_word' id='word_1_224' title='bbox 902 2380 1043 2465; x_wconf 81' lang='grc' dir='ltr'><em>βοῶμεν,</em></span> <span class='ocrx_word' id='word_1_225' title='bbox 1063 2382 1147 2465; x_wconf 74' lang='grc' dir='ltr'><em>τιμῶ</em></span> <span class='ocrx_word' id='word_1_226' title='bbox 1166 2384 1264 2467; x_wconf 64' lang='grc' dir='ltr'><em>τεμεῖ</em></span> 
     </span>
     <span class='ocr_line' id='line_1_25' title="bbox 91 2465 1263 2554; baseline -0.001 -19"><span class='ocrx_word' id='word_1_227' title='bbox 91 2492 163 2553; x_wconf 85' lang='grc' dir='ltr'><em>μεν,</em></span> <span class='ocrx_word' id='word_1_228' title='bbox 184 2470 277 2535; x_wconf 93' lang='lat' dir='ltr'><strong>modo</strong></span> <span class='ocrx_word' id='word_1_229' title='bbox 300 2472 335 2533; x_wconf 70' lang='lat' dir='ltr'><strong>dd</strong></span> <span class='ocrx_word' id='word_1_230' title='bbox 356 2469 388 2534; x_wconf 88' lang='lat' dir='ltr'><strong>in</strong></span> <span class='ocrx_word' id='word_1_231' title='bbox 410 2470 473 2532; x_wconf 73' lang='lat' dir='ltr'><strong>OT</strong></span> <span class='ocrx_word' id='word_1_232' title='bbox 489 2466 715 2554; x_wconf 83' lang='lat' dir='ltr'><strong>diphthongum</strong></span> <span class='ocrx_word' id='word_1_233' title='bbox 736 2472 902 2544; x_wconf 78' lang='lat' dir='ltr'><strong>mutantes,</strong></span> <span class='ocrx_word' id='word_1_234' title='bbox 923 2465 1010 2530; x_wconf 91' lang='lat' dir='ltr'><strong>utin</strong></span> <span class='ocrx_word' id='word_1_235' title='bbox 1032 2466 1132 2552; x_wconf 86' lang='lat' dir='ltr'><strong>prima</strong></span> <span class='ocrx_word' id='word_1_236' title='bbox 1154 2475 1186 2534; x_wconf 92' lang='lat' dir='ltr'><strong>et</strong></span> <span class='ocrx_word' id='word_1_237' title='bbox 1202 2477 1263 2533; x_wconf 88' lang='lat' dir='ltr'><strong>ter·</strong></span> 
     </span>
     <span class='ocr_line' id='line_1_26' title="bbox 93 2550 1264 2637; baseline 0 -19"><span class='ocrx_word' id='word_1_238' title='bbox 93 2553 136 2619; x_wconf 92' lang='lat' dir='ltr'><strong>tia</strong></span> <span class='ocrx_word' id='word_1_239' title='bbox 157 2550 427 2637; x_wconf 86' lang='grc' dir='ltr'><em>περισπωμένων,</em></span> <span class='ocrx_word' id='word_1_240' title='bbox 452 2552 521 2615; x_wconf 83' lang='grc' dir='ltr'><strong>νοῶ</strong></span> <span class='ocrx_word' id='word_1_241' title='bbox 540 2551 697 2633; x_wconf 84' lang='grc' dir='ltr'><em>νοοῦμεν,</em></span> <span class='ocrx_word' id='word_1_242' title='bbox 723 2550 857 2635; x_wconf 80' lang='grc' dir='ltr'><em>φανερῶ</em></span> <span class='ocrx_word' id='word_1_243' title='bbox 878 2552 1104 2635; x_wconf 70' lang='grc' dir='ltr'><em>φανεροῦμενε</em></span> <span class='ocrx_word' id='word_1_244' title='bbox 1140 2551 1172 2617; x_wconf 85' lang='lat' dir='ltr'><strong>in</strong></span> <span class='ocrx_word' id='word_1_245' title='bbox 1193 2554 1264 2619; x_wconf 88' lang='lat' dir='ltr'><strong>reli-</strong></span> 
     </span>
     <span class='ocr_line' id='line_1_27' title="bbox 116 2634 1264 2721; baseline 0.002 -20"><span class='ocrx_word' id='word_1_246' title='bbox 116 2637 164 2702; x_wconf 90' lang='lat' dir='ltr'><strong>uis</strong></span> <span class='ocrx_word' id='word_1_247' title='bbox 193 2645 313 2713; x_wconf 90' lang='lat' dir='ltr'><strong>autern,</strong></span> <span class='ocrx_word' id='word_1_248' title='bbox 353 2637 452 2701; x_wconf 88' lang='lat' dir='ltr'><strong>idest</strong></span> <span class='ocrx_word' id='word_1_249' title='bbox 477 2634 635 2721; x_wconf 86' lang='lat' dir='ltr'><strong>harytonis</strong></span> <span class='ocrx_word' id='word_1_250' title='bbox 657 2634 802 2699; x_wconf 90' lang='lat' dir='ltr'><strong>omnihus</strong></span> <span class='ocrx_word' id='word_1_251' title='bbox 822 2635 871 2700; x_wconf 83' lang='lat' dir='ltr'><strong>vel</strong></span> <span class='ocrx_word' id='word_1_252' title='bbox 894 2634 987 2700; x_wconf 88' lang='lat' dir='ltr'><strong>etiam</strong></span> <span class='ocrx_word' id='word_1_253' title='bbox 1009 2634 1264 2721; x_wconf 77' lang='grc' dir='ltr'><em>περισπωμένων</em></span> 
     </span>
     <span class='ocr_line' id='line_1_28' title="bbox 93 2658 1315 2815; baseline 0.001 -28"><span class='ocrx_word' id='word_1_254' title='bbox 93 2658 223 2799; x_wconf 70' lang='grc' dir='ltr'><em>έαέατίε,</em></span> <span class='ocrx_word' id='word_1_255' title='bbox 249 2724 283 2785; x_wconf 73' lang='grc' dir='ltr'><em>Ω</em></span> <span class='ocrx_word' id='word_1_256' title='bbox 307 2721 339 2785; x_wconf 84' lang='grc' dir='ltr'><strong>ἰν</strong></span> <span class='ocrx_word' id='word_1_257' title='bbox 366 2720 393 2783; x_wconf 94' lang='grc' dir='ltr'>Ο</span> <span class='ocrx_word' id='word_1_258' title='bbox 415 2718 649 2795; x_wconf 80' lang='lat' dir='ltr'><strong>transferentes,</strong></span> <span class='ocrx_word' id='word_1_259' title='bbox 674 2716 760 2803; x_wconf 86' lang='grc' dir='ltr'><em>λέγω</em></span> <span class='ocrx_word' id='word_1_260' title='bbox 781 2716 932 2803; x_wconf 89' lang='grc' dir='ltr'><em>λέγομεν,</em></span> <span class='ocrx_word' id='word_1_261' title='bbox 957 2715 1060 2805; x_wconf 86' lang='grc' dir='ltr'><em>τρέχω</em></span> <span class='ocrx_word' id='word_1_262' title='bbox 1078 2720 1315 2815; x_wconf 64' lang='grc' dir='ltr'><em>τρέχομενήειμ]</em></span> 
     </span>
     <span class='ocr_line' id='line_1_29' title="bbox 93 2800 1264 2896; baseline 0.001 -26"><span class='ocrx_word' id='word_1_263' title='bbox 93 2800 266 2890; x_wconf 71' lang='grc' dir='ltr'><em>θεραπεύω</em></span> <span class='ocrx_word' id='word_1_264' title='bbox 287 2800 527 2889; x_wconf 74' lang='grc' dir='ltr'><em>θεραπεύομεν,</em></span> <span class='ocrx_word' id='word_1_265' title='bbox 547 2800 676 2887; x_wconf 83' lang='grc' dir='ltr'><em>λαλήσω</em></span> <span class='ocrx_word' id='word_1_266' title='bbox 698 2800 895 2888; x_wconf 84' lang='grc' dir='ltr'><em>λαλήσομεν,</em></span> <span class='ocrx_word' id='word_1_267' title='bbox 919 2802 1004 2869; x_wconf 79' lang='grc' dir='ltr'><em>ἐάσω</em></span> <span class='ocrx_word' id='word_1_268' title='bbox 1026 2801 1179 2890; x_wconf 77' lang='grc' dir='ltr'><em>ἐάσομεν,</em></span> <span class='ocrx_word' id='word_1_269' title='bbox 1204 2805 1264 2896; x_wconf 83' lang='grc' dir='ltr'><em>εἷρ-</em></span> 
     </span>
     <span class='ocr_line' id='line_1_30' title="bbox 93 2884 1314 2977; baseline 0.006 -23"><span class='ocrx_word' id='word_1_270' title='bbox 93 2886 234 2977; x_wconf 76' lang='grc' dir='ltr'><em>γυροέσω</em></span> <span class='ocrx_word' id='word_1_271' title='bbox 255 2884 497 2975; x_wconf 77' lang='grc' dir='ltr'><em>ἄργυροέσομεν.</em></span> <span class='ocrx_word' id='word_1_272' title='bbox 541 2888 681 2955; x_wconf 85' lang='lat' dir='ltr'><strong>Secunda</strong></span> <span class='ocrx_word' id='word_1_273' title='bbox 700 2889 828 2976; x_wconf 89' lang='lat' dir='ltr'><strong>pluralis</strong></span> <span class='ocrx_word' id='word_1_274' title='bbox 849 2910 867 2955; x_wconf 86' lang='lat' dir='ltr'><strong>a</strong></span> <span class='ocrx_word' id='word_1_275' title='bbox 887 2890 976 2955; x_wconf 89' lang='lat' dir='ltr'><strong>tertia</strong></span> <span class='ocrx_word' id='word_1_276' title='bbox 998 2892 1145 2976; x_wconf 83' lang='lat' dir='ltr'><strong>singulari</strong></span> <span class='ocrx_word' id='word_1_277' title='bbox 1167 2895 1264 2959; x_wconf 90' lang='lat' dir='ltr'><strong>nasei·</strong></span> <span class='ocrx_word' id='word_1_278' title='bbox 1293 2895 1314 2961; x_wconf 84' lang='lat'>5</span> 
     </span>
     <span class='ocr_line' id='line_1_31' title="bbox 95 2972 1265 3076; baseline 0.001 -34"><span class='ocrx_word' id='word_1_279' title='bbox 95 2985 163 3042; x_wconf 87' lang='lat' dir='ltr'><strong>tur:</strong></span> <span class='ocrx_word' id='word_1_280' title='bbox 191 2975 308 3062; x_wconf 93' lang='lat' dir='ltr'><strong>primae</strong></span> <span class='ocrx_word' id='word_1_281' title='bbox 330 2974 454 3060; x_wconf 90' lang='lat' dir='ltr'><strong>quidem</strong></span> <span class='ocrx_word' id='word_1_282' title='bbox 476 2981 509 3039; x_wconf 85' lang='lat' dir='ltr'><strong>et</strong></span> <span class='ocrx_word' id='word_1_283' title='bbox 528 2974 680 3040; x_wconf 87' lang='lat' dir='ltr'><strong>secundae</strong></span> <span class='ocrx_word' id='word_1_284' title='bbox 700 2974 838 3076; x_wconf 78' lang='lat' dir='ltr'><strong>syzygiae</strong></span> <span class='ocrx_word' id='word_1_285' title='bbox 860 2972 1116 3060; x_wconf 65' lang='lat' dir='ltr'><strong>montemontano</strong></span> <span class='ocrx_word' id='word_1_286' title='bbox 1138 2977 1265 3045; x_wconf 87' lang='lat' dir='ltr'><strong>instanti</strong></span> 
     </span>
     <span class='ocr_line' id='line_1_32' title="bbox 101 3058 1264 3143; baseline 0.003 -17"><span class='ocrx_word' id='word_1_287' title='bbox 101 3063 162 3126; x_wconf 83' lang='lat' dir='ltr'><strong>TE</strong></span> <span class='ocrx_word' id='word_1_288' title='bbox 182 3060 343 3136; x_wconf 87' lang='lat' dir='ltr'><strong>addentes,</strong></span> <span class='ocrx_word' id='word_1_289' title='bbox 370 3062 459 3123; x_wconf 90' lang='grc' dir='ltr'><em>ποιεῖ</em></span> <span class='ocrx_word' id='word_1_290' title='bbox 474 3063 610 3138; x_wconf 89' lang='grc' dir='ltr'><em>ποιεῖτε,</em></span> <span class='ocrx_word' id='word_1_291' title='bbox 636 3058 698 3142; x_wconf 86' lang='grc' dir='ltr'><em>βοοῖ</em></span> <span class='ocrx_word' id='word_1_292' title='bbox 717 3060 829 3143; x_wconf 84' lang='grc' dir='ltr'><em>βοατε,</em></span> <span class='ocrx_word' id='word_1_293' title='bbox 857 3058 890 3125; x_wconf 89' lang='lat' dir='ltr'><strong>in</strong></span> <span class='ocrx_word' id='word_1_294' title='bbox 912 3060 1003 3126; x_wconf 91' lang='lat' dir='ltr'><strong>tertia</strong></span> <span class='ocrx_word' id='word_1_295' title='bbox 1025 3082 1099 3127; x_wconf 82' lang='lat' dir='ltr'><strong>vero</strong></span> <span class='ocrx_word' id='word_1_296' title='bbox 1119 3061 1264 3130; x_wconf 90' lang='lat' dir='ltr'><strong>ultimum</strong></span> 
     </span>
     <span class='ocr_line' id='line_1_33' title="bbox 98 3122 1267 3233; baseline 0.003 -21"><span class='ocrx_word' id='word_1_297' title='bbox 98 3146 178 3213; x_wconf 78' lang='grc' dir='ltr'><em>ἰῶτα</em></span> <span class='ocrx_word' id='word_1_298' title='bbox 199 3145 230 3210; x_wconf 89' lang='lat' dir='ltr'><strong>in</strong></span> <span class='ocrx_word' id='word_1_299' title='bbox 256 3149 286 3208; x_wconf 74' lang='grc' dir='ltr'><em>Τ</em></span> <span class='ocrx_word' id='word_1_300' title='bbox 305 3152 458 3210; x_wconf 88' lang='lat' dir='ltr'><strong>mutantes</strong></span> <span class='ocrx_word' id='word_1_301' title='bbox 480 3153 512 3210; x_wconf 90' lang='lat' dir='ltr'><strong>et</strong></span> <span class='ocrx_word' id='word_1_302' title='bbox 532 3143 613 3209; x_wconf 90' lang='lat' dir='ltr'><strong>idem</strong></span> <span class='ocrx_word' id='word_1_303' title='bbox 642 3122 702 3207; x_wconf 82' lang='grc' dir='ltr'><strong>ΤΕ</strong></span> <span class='ocrx_word' id='word_1_304' title='bbox 721 3144 884 3223; x_wconf 87' lang='lat' dir='ltr'><strong>addentes,</strong></span> <span class='ocrx_word' id='word_1_305' title='bbox 905 3149 1025 3229; x_wconf 83' lang='grc' dir='ltr'><em>χρυσοῖ</em></span> <span class='ocrx_word' id='word_1_306' title='bbox 1040 3148 1215 3233; x_wconf 70' lang='grc' dir='ltr'><em>χρυσοῦτεε</em></span> <span class='ocrx_word' id='word_1_307' title='bbox 1234 3157 1267 3214; x_wconf 89' lang='lat' dir='ltr'><strong>at</strong></span> 
     </span>
     <span class='ocr_line' id='line_1_34' title="bbox 96 3226 1266 3317; baseline 0 -20"><span class='ocrx_word' id='word_1_308' title='bbox 96 3231 128 3298; x_wconf 91' lang='lat' dir='ltr'><strong>in</strong></span> <span class='ocrx_word' id='word_1_309' title='bbox 157 3230 301 3296; x_wconf 91' lang='lat' dir='ltr'><strong>omnibus</strong></span> <span class='ocrx_word' id='word_1_310' title='bbox 325 3229 483 3315; x_wconf 89' lang='lat' dir='ltr'><strong>harytonis</strong></span> <span class='ocrx_word' id='word_1_311' title='bbox 513 3228 603 3296; x_wconf 88' lang='lat' dir='ltr'><strong>etin</strong></span> <span class='ocrx_word' id='word_1_312' title='bbox 630 3226 886 3314; x_wconf 84' lang='grc' dir='ltr'><em>περισπωμένων</em></span> <span class='ocrx_word' id='word_1_313' title='bbox 914 3231 1026 3297; x_wconf 75' lang='lat' dir='ltr'><strong>futuris</strong></span> <span class='ocrx_word' id='word_1_314' title='bbox 1057 3231 1158 3317; x_wconf 90' lang='lat' dir='ltr'><strong>ipsum</strong></span> <span class='ocrx_word' id='word_1_315' title='bbox 1186 3233 1266 3297; x_wconf 81' lang='grc' dir='ltr'><em>λοῖτα</em></span> 
     </span>
     <span class='ocr_line' id='line_1_35' title="bbox 94 3311 1266 3401; baseline -0.003 -16"><span class='ocrx_word' id='word_1_316' title='bbox 94 3316 240 3385; x_wconf 90' lang='lat' dir='ltr'><strong>ultimum</strong></span> <span class='ocrx_word' id='word_1_317' title='bbox 261 3314 456 3380; x_wconf 85' lang='lat' dir='ltr'><strong>detrahentes</strong></span> <span class='ocrx_word' id='word_1_318' title='bbox 484 3322 516 3379; x_wconf 89' lang='lat' dir='ltr'><strong>et</strong></span> <span class='ocrx_word' id='word_1_319' title='bbox 541 3311 669 3380; x_wconf 91' lang='lat' dir='ltr'><strong>eandem</strong></span> <span class='ocrx_word' id='word_1_320' title='bbox 694 3313 841 3379; x_wconf 89' lang='lat' dir='ltr'><strong>addentes</strong></span> <span class='ocrx_word' id='word_1_321' title='bbox 867 3314 1012 3401; x_wconf 76' lang='lat' dir='ltr'><strong>syllabam</strong></span> <span class='ocrx_word' id='word_1_322' title='bbox 1041 3320 1114 3395; x_wconf 84' lang='lat' dir='ltr'><strong>TE,</strong></span> <span class='ocrx_word' id='word_1_323' title='bbox 1148 3313 1266 3401; x_wconf 83' lang='grc' dir='ltr'><em>πέμπει</em></span> 
     </span>
     <span class='ocr_line' id='line_1_36' title="bbox 95 3394 1252 3489; baseline 0 -22"><span class='ocrx_word' id='word_1_324' title='bbox 95 3396 243 3484; x_wconf 87' lang='grc' dir='ltr'><em>πέμπετε,</em></span> <span class='ocrx_word' id='word_1_325' title='bbox 259 3395 364 3485; x_wconf 87' lang='grc' dir='ltr'><em>τρέχει</em></span> <span class='ocrx_word' id='word_1_326' title='bbox 379 3396 514 3484; x_wconf 88' lang='grc' dir='ltr'><em>τρέχετε,</em></span> <span class='ocrx_word' id='word_1_327' title='bbox 535 3394 669 3462; x_wconf 71' lang='grc' dir='ltr'><em>α’θλεύει</em></span> <span class='ocrx_word' id='word_1_328' title='bbox 688 3394 850 3480; x_wconf 74' lang='grc' dir='ltr'><em>ἄθλεύετε,</em></span> <span class='ocrx_word' id='word_1_329' title='bbox 865 3396 993 3483; x_wconf 90' lang='grc' dir='ltr'><em>ποιήσει</em></span> <span class='ocrx_word' id='word_1_330' title='bbox 1013 3396 1169 3485; x_wconf 83' lang='grc' dir='ltr'><em>ποιήσετε,</em></span> <span class='ocrx_word' id='word_1_331' title='bbox 1189 3398 1252 3489; x_wconf 75' lang='lat' dir='ltr'><strong>tipo</strong></span> 
     </span>
     <span class='ocr_line' id='line_1_37' title="bbox 95 3479 1317 3573; baseline 0.005 -24"><span class='ocrx_word' id='word_1_332' title='bbox 95 3481 221 3570; x_wconf 77' lang='grc' dir='ltr'><em>τριέτει</em></span> <span class='ocrx_word' id='word_1_333' title='bbox 243 3479 466 3569; x_wconf 79' lang='grc' dir='ltr'><em>ἀροτριοέσετε,</em></span> <span class='ocrx_word' id='word_1_334' title='bbox 494 3479 625 3568; x_wconf 82' lang='grc' dir='ltr'><em>λδροέσει</em></span> <span class='ocrx_word' id='word_1_335' title='bbox 648 3479 808 3567; x_wconf 76' lang='grc' dir='ltr'><em>λδριῖσετε.</em></span> <span class='ocrx_word' id='word_1_336' title='bbox 852 3485 988 3550; x_wconf 88' lang='lat' dir='ltr'><strong>Tertiam</strong></span> <span class='ocrx_word' id='word_1_337' title='bbox 1010 3506 1136 3573; x_wconf 85' lang='lat' dir='ltr'><strong>quoque</strong></span> <span class='ocrx_word' id='word_1_338' title='bbox 1160 3508 1266 3573; x_wconf 88' lang='lat' dir='ltr'><strong>perso·</strong></span> <span class='ocrx_word' id='word_1_339' title='bbox 1295 3488 1317 3555; x_wconf 79' lang='lat' dir='ltr'><strong>h</strong></span> 
     </span>
     <span class='ocr_line' id='line_1_38' title="bbox 98 3566 1266 3656; baseline 0.003 -21"><span class='ocrx_word' id='word_1_340' title='bbox 98 3590 169 3635; x_wconf 93' lang='lat' dir='ltr'><strong>nam</strong></span> <span class='ocrx_word' id='word_1_341' title='bbox 197 3568 347 3654; x_wconf 88' lang='lat' dir='ltr'><strong>pluralem</strong></span> <span class='ocrx_word' id='word_1_342' title='bbox 376 3566 544 3633; x_wconf 89' lang='lat' dir='ltr'><strong>eorundem</strong></span> <span class='ocrx_word' id='word_1_343' title='bbox 576 3566 741 3634; x_wconf 81' lang='lat' dir='ltr'><strong>verborum</strong></span> <span class='ocrx_word' id='word_1_344' title='bbox 776 3567 815 3634; x_wconf 91' lang='lat' dir='ltr'><strong>de</strong></span> <span class='ocrx_word' id='word_1_345' title='bbox 847 3569 947 3656; x_wconf 90' lang='lat' dir='ltr'><strong>prima</strong></span> <span class='ocrx_word' id='word_1_346' title='bbox 974 3570 1111 3637; x_wconf 85' lang='lat' dir='ltr'><strong>eiusdem</strong></span> <span class='ocrx_word' id='word_1_347' title='bbox 1144 3573 1266 3639; x_wconf 84' lang='lat' dir='ltr'><strong>numeri</strong></span> 
     </span>
     <span class='ocr_line' id='line_1_39' title="bbox 97 3650 1267 3746; baseline 0.003 -25"><span class='ocrx_word' id='word_1_348' title='bbox 97 3654 214 3721; x_wconf 77' lang='lat' dir='ltr'><strong>iaciunt</strong></span> <span class='ocrx_word' id='word_1_349' title='bbox 239 3653 352 3719; x_wconf 89' lang='grc' dir='ltr'><strong>ΜΕΝ</strong></span> <span class='ocrx_word' id='word_1_350' title='bbox 372 3660 527 3719; x_wconf 87' lang='lat' dir='ltr'><strong>mutantes</strong></span> <span class='ocrx_word' id='word_1_351' title='bbox 556 3650 589 3719; x_wconf 90' lang='lat' dir='ltr'><strong>in</strong></span> <span class='ocrx_word' id='word_1_352' title='bbox 618 3654 686 3733; x_wconf 87' lang='grc' dir='ltr'><em>ΣΙ,</em></span> <span class='ocrx_word' id='word_1_353' title='bbox 726 3660 760 3719; x_wconf 91' lang='lat' dir='ltr'><strong>et</strong></span> <span class='ocrx_word' id='word_1_354' title='bbox 783 3653 857 3741; x_wconf 89' lang='lat' dir='ltr'><strong>quia</strong></span> <span class='ocrx_word' id='word_1_355' title='bbox 883 3653 1011 3741; x_wconf 89' lang='lat' dir='ltr'><strong>pluralis</strong></span> <span class='ocrx_word' id='word_1_356' title='bbox 1032 3657 1123 3724; x_wconf 89' lang='lat' dir='ltr'><strong>tertia</strong></span> <span class='ocrx_word' id='word_1_357' title='bbox 1144 3679 1267 3746; x_wconf 89' lang='lat' dir='ltr'><strong>semper</strong></span> 
     </span>
    </p>
   </div>
   <div class='ocr_carea' id='block_1_3' title="bbox 1011 3778 1198 3845">
    <p class='ocr_par' dir='ltr' id='par_1_6' title="bbox 1011 3778 1198 3845">
     <span class='ocr_line' id='line_1_40' title="bbox 1011 3778 1198 3845; baseline 0.005 -15"><span class='ocrx_word' id='word_1_358' title='bbox 1011 3778 1104 3841; x_wconf 69' lang='lat' dir='ltr'><strong>[sads</strong></span> <span class='ocrx_word' id='word_1_359' title='bbox 1115 3779 1198 3845; x_wconf 83' lang='lat' dir='ltr'><strong>pdah.</strong></span> 
     </span>
    </p>
   </div>
   <div class='ocr_carea' id='block_1_4' title="bbox 97 3855 1266 3980">
    <p class='ocr_par' dir='ltr' id='par_1_7' title="bbox 97 3855 1266 3980">
     <span class='ocr_line' id='line_1_41' title="bbox 97 3855 1266 3930; baseline 0.003 -21"><span class='ocrx_word' id='word_1_360' title='bbox 97 3886 133 3899; x_wconf 85' lang='lat'><strong>-</strong></span> <span class='ocrx_word' id='word_1_361' title='bbox 151 3857 181 3909; x_wconf 83' lang='grc' dir='ltr'><strong>ιἰι</strong></span> <span class='ocrx_word' id='word_1_362' title='bbox 195 3855 344 3926; x_wconf 73' lang='lat' dir='ltr'><strong>praesentis</strong></span> <span class='ocrx_word' id='word_1_363' title='bbox 357 3857 472 3925; x_wconf 79' lang='lat' dir='ltr'><strong>primae</strong></span> <span class='ocrx_word' id='word_1_364' title='bbox 494 3874 608 3925; x_wconf 79' lang='lat' dir='ltr'><strong>persone</strong></span> <span class='ocrx_word' id='word_1_365' title='bbox 631 3858 708 3925; x_wconf 73' lang='lat' dir='ltr'><strong>p2-h.</strong></span> <span class='ocrx_word' id='word_1_366' title='bbox 861 3862 904 3911; x_wconf 77' lang='grc'><strong>13.</strong></span> <span class='ocrx_word' id='word_1_367' title='bbox 938 3860 968 3914; x_wconf 73' lang='lat' dir='ltr'><strong>iu</strong></span> <span class='ocrx_word' id='word_1_368' title='bbox 984 3879 1114 3930; x_wconf 81' lang='grc' dir='ltr'><em>μτσεεειιε</em></span> <span class='ocrx_word' id='word_1_369' title='bbox 1134 3868 1204 3924; x_wconf 85' lang='lat' dir='ltr'><strong>(am.</strong></span> <span class='ocrx_word' id='word_1_370' title='bbox 1225 3862 1266 3924; x_wconf 72' lang='grc' dir='ltr'><strong>λλ)</strong></span> 
     </span>
     <span class='ocr_line' id='line_1_42' title="bbox 100 3922 761 3980; baseline -0.006 -1"><span class='ocrx_word' id='word_1_371' title='bbox 100 3925 162 3980; x_wconf 82' lang='lat' dir='ltr'><strong>dnh.</strong></span> <span class='ocrx_word' id='word_1_372' title='bbox 318 3927 359 3976; x_wconf 79' lang='lat'><strong>14.</strong></span> <span class='ocrx_word' id='word_1_373' title='bbox 395 3924 456 3976; x_wconf 87' lang='grc' dir='ltr'><strong>ΕΝ</strong></span> <span class='ocrx_word' id='word_1_374' title='bbox 473 3924 521 3977; x_wconf 71' lang='grc' dir='ltr'><strong>ΕΙ</strong></span> <span class='ocrx_word' id='word_1_375' title='bbox 540 3924 709 3979; x_wconf 77' lang='grc' dir='ltr'><em>ΕΚΛΙΟΙΟ</em></span> <span class='ocrx_word' id='word_1_376' title='bbox 729 3922 761 3976; x_wconf 89' lang='grc' dir='ltr'><strong>Ρ.</strong></span> 
     </span>
    </p>
   </div>
   <div class='ocr_carea' id='block_1_5' title="bbox 97 3990 1269 4251">
    <p class='ocr_par' dir='ltr' id='par_1_8' title="bbox 97 3990 1269 4251">
     <span class='ocr_line' id='line_1_43' title="bbox 166 3990 1268 4059; baseline 0.003 -15"><span class='ocrx_word' id='word_1_377' title='bbox 166 3990 238 4057; x_wconf 73' lang='lat' dir='ltr'><strong>nrt,</strong></span> <span class='ocrx_word' id='word_1_378' title='bbox 256 3993 279 4042; x_wconf 87' lang='lat' dir='ltr'><strong>l.</strong></span> <span class='ocrx_word' id='word_1_379' title='bbox 318 3990 465 4044; x_wconf 81' lang='grc' dir='ltr'><strong><em>ΤΙΜΑΙΣ</em></strong></span> <span class='ocrx_word' id='word_1_380' title='bbox 479 3990 511 4043; x_wconf 88' lang='lat' dir='ltr'><strong>P.</strong></span> <span class='ocrx_word' id='word_1_381' title='bbox 546 3995 652 4059; x_wconf 86' lang='grc' dir='ltr'><em>τιμαῖς</em></span> <span class='ocrx_word' id='word_1_382' title='bbox 669 3990 738 4042; x_wconf 79' lang='lat' dir='ltr'><strong>uad.</strong></span> <span class='ocrx_word' id='word_1_383' title='bbox 755 4018 789 4030; x_wconf 91' lang='lat'>-</span> <span class='ocrx_word' id='word_1_384' title='bbox 810 3990 976 4046; x_wconf 83' lang='grc' dir='ltr'><em>ΔΕΛΟΙΣ</em></span> <span class='ocrx_word' id='word_1_385' title='bbox 991 3994 1022 4047; x_wconf 91' lang='grc' dir='ltr'><strong>Ρ.</strong></span> <span class='ocrx_word' id='word_1_386' title='bbox 1158 3996 1184 4047; x_wconf 81' lang='lat'><strong>4.</strong></span> <span class='ocrx_word' id='word_1_387' title='bbox 1218 4012 1268 4047; x_wconf 83' lang='grc' dir='ltr'><strong>να-</strong></span> 
     </span>
     <span class='ocr_line' id='line_1_44' title="bbox 97 4057 1269 4126; baseline 0.002 -13"><span class='ocrx_word' id='word_1_388' title='bbox 97 4062 167 4113; x_wconf 78' lang='lat' dir='ltr'><strong>sine</strong></span> <span class='ocrx_word' id='word_1_389' title='bbox 182 4058 214 4111; x_wconf 85' lang='lat' dir='ltr'><strong>P.</strong></span> <span class='ocrx_word' id='word_1_390' title='bbox 230 4084 263 4097; x_wconf 91' lang='lat'>-</span> <span class='ocrx_word' id='word_1_391' title='bbox 280 4057 385 4110; x_wconf 81' lang='grc' dir='ltr'><strong>ΜΕΝ</strong></span> <span class='ocrx_word' id='word_1_392' title='bbox 399 4058 429 4108; x_wconf 92' lang='grc' dir='ltr'><strong>Ρ.</strong></span> <span class='ocrx_word' id='word_1_393' title='bbox 448 4087 481 4098; x_wconf 88' lang='grc'>-</span> <span class='ocrx_word' id='word_1_394' title='bbox 502 4058 689 4111; x_wconf 73' lang='grc' dir='ltr'><em>ΒΟΩΜΗΝ</em></span> <span class='ocrx_word' id='word_1_395' title='bbox 702 4057 732 4111; x_wconf 90' lang='grc' dir='ltr'><strong>Ρ.</strong></span> <span class='ocrx_word' id='word_1_396' title='bbox 752 4085 784 4097; x_wconf 86' lang='lat'><strong>·-</strong></span> <span class='ocrx_word' id='word_1_397' title='bbox 805 4061 1022 4126; x_wconf 80' lang='grc' dir='ltr'><em>μετῖεμοιντιιωπ</em></span> <span class='ocrx_word' id='word_1_398' title='bbox 1039 4061 1143 4113; x_wconf 77' lang='lat' dir='ltr'><strong>nanP.</strong></span> <span class='ocrx_word' id='word_1_399' title='bbox 1161 4090 1190 4101; x_wconf 94' lang='lat'><em>-</em></span> <span class='ocrx_word' id='word_1_400' title='bbox 1209 4065 1269 4115; x_wconf 76' lang='lat' dir='ltr'><strong>AA—</strong></span> 
     </span>
     <span class='ocr_line' id='line_1_45' title="bbox 98 4123 1268 4192; baseline 0.003 -13"><span class='ocrx_word' id='word_1_401' title='bbox 98 4126 218 4180; x_wconf 67' lang='grc' dir='ltr'><em>ΔΕΣΩ,</em></span> <span class='ocrx_word' id='word_1_402' title='bbox 238 4123 497 4179; x_wconf 77' lang='grc' dir='ltr'><em>ΛΑΛΕΕΟΜΕΝ</em></span> <span class='ocrx_word' id='word_1_403' title='bbox 517 4126 546 4176; x_wconf 91' lang='grc' dir='ltr'><strong>Ρ.</strong></span> <span class='ocrx_word' id='word_1_404' title='bbox 698 4128 724 4175; x_wconf 76' lang='grc' dir='ltr'><strong>έν.</strong></span> <span class='ocrx_word' id='word_1_405' title='bbox 758 4126 886 4179; x_wconf 73' lang='lat' dir='ltr'><strong>intortio</strong></span> <span class='ocrx_word' id='word_1_406' title='bbox 908 4128 985 4192; x_wconf 61' lang='lat' dir='ltr'><strong>pff-h.</strong></span> <span class='ocrx_word' id='word_1_407' title='bbox 1006 4156 1041 4167; x_wconf 93' lang='lat'><em>-</em></span> <span class='ocrx_word' id='word_1_408' title='bbox 1061 4138 1110 4181; x_wconf 81' lang='lat' dir='ltr'><strong>aut</strong></span> <span class='ocrx_word' id='word_1_409' title='bbox 1125 4131 1158 4181; x_wconf 83' lang='grc' dir='ltr'><strong>ιἰι</strong></span> <span class='ocrx_word' id='word_1_410' title='bbox 1179 4130 1212 4182; x_wconf 91' lang='grc' dir='ltr'><strong>Ρ.</strong></span> <span class='ocrx_word' id='word_1_411' title='bbox 1234 4158 1268 4167; x_wconf 94' lang='grc'><strong>-</strong></span> 
     </span>
     <span class='ocr_line' id='line_1_46' title="bbox 99 4190 1164 4251; baseline 0 -6"><span class='ocrx_word' id='word_1_412' title='bbox 99 4192 338 4247; x_wconf 78' lang='grc' dir='ltr'><em>ΑΘΛΕΥΕΤΑΙ</em></span> <span class='ocrx_word' id='word_1_413' title='bbox 351 4193 382 4246; x_wconf 94' lang='grc' dir='ltr'><strong>Ρ.</strong></span> <span class='ocrx_word' id='word_1_414' title='bbox 401 4220 435 4231; x_wconf 92' lang='grc'>-</span> <span class='ocrx_word' id='word_1_415' title='bbox 456 4190 696 4246; x_wconf 78' lang='grc' dir='ltr'><em>ΠΟΙΗΕΕΤΑΙ</em></span> <span class='ocrx_word' id='word_1_416' title='bbox 714 4192 747 4245; x_wconf 91' lang='grc' dir='ltr'><strong>Ρ.</strong></span> <span class='ocrx_word' id='word_1_417' title='bbox 762 4221 798 4231; x_wconf 91' lang='grc'><strong>-</strong></span> <span class='ocrx_word' id='word_1_418' title='bbox 814 4194 1119 4251; x_wconf 75' lang='grc' dir='ltr'><strong>ΑΤΡΟΡΕῙΑΕΕΙ</strong></span> <span class='ocrx_word' id='word_1_419' title='bbox 1131 4195 1164 4249; x_wconf 88' lang='grc' dir='ltr'><strong>Ρ.</strong></span> 
     </span>
    </p>
   </div>
   <div class='ocr_carea' id='block_1_6' title="bbox 102 4284 1270 4435">
    <p class='ocr_par' dir='ltr' id='par_1_9' title="bbox 102 4284 1270 4435">
     <span class='ocr_line' id='line_1_47' title="bbox 134 4284 1269 4368; baseline 0.006 -24"><span class='ocrx_word' id='word_1_420' title='bbox 134 4296 174 4346; x_wconf 77' lang='lat' dir='ltr'><strong>ta.</strong></span> <span class='ocrx_word' id='word_1_421' title='bbox 211 4296 372 4348; x_wconf 77' lang='lat' dir='ltr'><strong>Declinands&#39;</strong></span> <span class='ocrx_word' id='word_1_422' title='bbox 393 4330 419 4347; x_wconf 88' lang='lat'><strong>..</strong></span> <span class='ocrx_word' id='word_1_423' title='bbox 437 4284 506 4368; x_wconf 77' lang='grc' dir='ltr'><strong>ένῷ</strong></span> <span class='ocrx_word' id='word_1_424' title='bbox 528 4288 657 4363; x_wconf 81' lang='grc' dir='ltr'><em>ήκλίσις]</em></span> <span class='ocrx_word' id='word_1_425' title='bbox 742 4298 768 4346; x_wconf 72' lang='grc'><strong>3.</strong></span> <span class='ocrx_word' id='word_1_426' title='bbox 806 4297 889 4349; x_wconf 77' lang='lat' dir='ltr'><strong>Omne</strong></span> <span class='ocrx_word' id='word_1_427' title='bbox 912 4300 1018 4350; x_wconf 73' lang='lat' dir='ltr'><strong>vertam</strong></span> <span class='ocrx_word' id='word_1_428' title='bbox 1045 4301 1074 4351; x_wconf 88' lang='grc' dir='ltr'><strong>ῖιι</strong></span> <span class='ocrx_word' id='word_1_429' title='bbox 1100 4298 1127 4351; x_wconf 73' lang='grc' dir='ltr'><strong><em>Ω</em></strong></span> <span class='ocrx_word' id='word_1_430' title='bbox 1149 4299 1269 4351; x_wconf 77' lang='lat' dir='ltr'><strong>desinens</strong></span> 
     </span>
     <span class='ocr_line' id='line_1_48' title="bbox 102 4360 1270 4435; baseline 0.006 -24"><span class='ocrx_word' id='word_1_431' title='bbox 102 4360 145 4411; x_wconf 79' lang='lat' dir='ltr'><strong>(ll.</strong></span> <span class='ocrx_word' id='word_1_432' title='bbox 164 4362 412 4428; x_wconf 69' lang='lat' dir='ltr'><strong>descendent</strong></span> <span class='ocrx_word' id='word_1_433' title='bbox 429 4364 472 4415; x_wconf 79' lang='lat' dir='ltr'><strong>st.</strong></span> <span class='ocrx_word' id='word_1_434' title='bbox 709 4364 775 4429; x_wconf 74' lang='lat' dir='ltr'><strong>eto]</strong></span> <span class='ocrx_word' id='word_1_435' title='bbox 793 4361 837 4414; x_wconf 78' lang='lat' dir='ltr'><strong>ci.</strong></span> <span class='ocrx_word' id='word_1_436' title='bbox 855 4365 890 4416; x_wconf 87' lang='lat' dir='ltr'><strong>de</strong></span> <span class='ocrx_word' id='word_1_437' title='bbox 907 4366 983 4418; x_wconf 80' lang='lat' dir='ltr'><strong>vsrh.</strong></span> <span class='ocrx_word' id='word_1_438' title='bbox 1002 4384 1026 4417; x_wconf 88' lang='grc' dir='ltr'><strong>τ.</strong></span> <span class='ocrx_word' id='word_1_439' title='bbox 1042 4370 1069 4433; x_wconf 77' lang='lat'><strong>2,</strong></span> <span class='ocrx_word' id='word_1_440' title='bbox 1087 4368 1100 4435; x_wconf 74' lang='grc' dir='ltr'><em>ή</em></span> <span class='ocrx_word' id='word_1_441' title='bbox 1117 4371 1154 4432; x_wconf 75' lang='grc'><strong>5.,</strong></span> <span class='ocrx_word' id='word_1_442' title='bbox 1177 4372 1205 4418; x_wconf 88' lang='lat' dir='ltr'><strong>et</strong></span> <span class='ocrx_word' id='word_1_443' title='bbox 1221 4382 1270 4419; x_wconf 76' lang='lat' dir='ltr'><strong>nn·</strong></span> 
     </span>
    </p>
   </div>
   <div class='ocr_carea' id='block_1_7' title="bbox 10 4426 912 4497">
    <p class='ocr_par' dir='ltr' id='par_1_10' title="bbox 10 4426 912 4497">
     <span class='ocr_line' id='line_1_49' title="bbox 10 4426 912 4497; baseline 0.001 -16"><span class='ocrx_word' id='word_1_444' title='bbox 10 4448 11 4481; x_wconf 74' lang='lat' dir='ltr'><strong>t</strong></span> <span class='ocrx_word' id='word_1_445' title='bbox 135 4426 207 4492; x_wconf 73' lang='grc' dir='ltr'><em>ΧΠ,</em></span> <span class='ocrx_word' id='word_1_446' title='bbox 224 4433 248 4479; x_wconf 88' lang='grc'><strong>1.</strong></span> <span class='ocrx_word' id='word_1_447' title='bbox 287 4430 368 4483; x_wconf 81' lang='lat' dir='ltr'><strong>Omne</strong></span> <span class='ocrx_word' id='word_1_448' title='bbox 383 4430 456 4497; x_wconf 83' lang='lat' dir='ltr'><strong>apud</strong></span> <span class='ocrx_word' id='word_1_449' title='bbox 474 4430 587 4482; x_wconf 72' lang='lat' dir='ltr'><strong>Graecos</strong></span> <span class='ocrx_word' id='word_1_450' title='bbox 600 4443 660 4479; x_wconf 80' lang='lat' dir='ltr'><strong>ner·</strong></span> <span class='ocrx_word' id='word_1_451' title='bbox 710 4444 762 4497; x_wconf 76' lang='lat' dir='ltr'><strong>pru</strong></span> <span class='ocrx_word' id='word_1_452' title='bbox 777 4446 800 4481; x_wconf 86' lang='lat' dir='ltr'><strong>e.</strong></span> <span class='ocrx_word' id='word_1_453' title='bbox 819 4432 845 4492; x_wconf 80' lang='lat' dir='ltr'><strong>t,</strong></span> <span class='ocrx_word' id='word_1_454' title='bbox 860 4431 874 4496; x_wconf 67' lang='lat'><strong>5</strong></span> <span class='ocrx_word' id='word_1_455' title='bbox 889 4436 912 4482; x_wconf 92' lang='lat' dir='ltr'><strong>l.</strong></span> 
     </span>
    </p>
   </div>
   <div class='ocr_carea' id='block_1_8' title="bbox 12 4494 1270 4649">
    <p class='ocr_par' dir='ltr' id='par_1_11' title="bbox 10 4482 1270 4649">
     <span class='ocr_line' id='line_1_50' title="bbox 101 4494 1270 4566; baseline 0.002 -15.783"><span class='ocrx_word' id='word_1_456' title='bbox 101 4496 161 4551; x_wconf 81' lang='lat' dir='ltr'><strong>dnm</strong></span> <span class='ocrx_word' id='word_1_457' title='bbox 179 4494 438 4563; x_wconf 63' lang='lat' dir='ltr'><strong>tharentasiensem]</strong></span> <span class='ocrx_word' id='word_1_458' title='bbox 459 4494 662 4550; x_wconf 73' lang='lat' dir='ltr'><strong>nevernens-</strong></span> <span class='ocrx_word' id='word_1_459' title='bbox 745 4499 770 4547; x_wconf 79' lang='grc'><strong>4.</strong></span> <span class='ocrx_word' id='word_1_460' title='bbox 804 4497 946 4566; x_wconf 74' lang='lat' dir='ltr'><strong>mutantes]</strong></span> <span class='ocrx_word' id='word_1_461' title='bbox 964 4498 1117 4553; x_wconf 76' lang='lat' dir='ltr'><strong>Dicendum</strong></span> <span class='ocrx_word' id='word_1_462' title='bbox 1136 4507 1270 4554; x_wconf 75' lang='lat' dir='ltr'><strong>entmu-</strong></span> 
     </span>
     <span class='ocr_line' id='line_1_51' title="bbox 12 4560 1216 4649; baseline 0.003 -30"><span class='ocrx_word' id='word_1_463' title='bbox 12 4580 13 4609; x_wconf 55' lang='grc' dir='ltr'><em>ι</em></span> <span class='ocrx_word' id='word_1_464' title='bbox 102 4565 160 4620; x_wconf 85' lang='lat' dir='ltr'><strong>tino</strong></span> <span class='ocrx_word' id='word_1_465' title='bbox 181 4560 239 4617; x_wconf 83' lang='lat' dir='ltr'><strong>vid.</strong></span> <span class='ocrx_word' id='word_1_466' title='bbox 254 4563 289 4614; x_wconf 75' lang='lat' dir='ltr'><strong>d·</strong></span> <span class='ocrx_word' id='word_1_467' title='bbox 305 4563 382 4613; x_wconf 69' lang='grc' dir='ltr'><em>τετε.</em></span> <span class='ocrx_word' id='word_1_468' title='bbox 398 4576 459 4629; x_wconf 79' lang='lat' dir='ltr'><strong>eep.</strong></span> <span class='ocrx_word' id='word_1_469' title='bbox 475 4568 515 4629; x_wconf 63' lang='grc' dir='ltr'><em>π,</em></span> <span class='ocrx_word' id='word_1_470' title='bbox 533 4562 547 4629; x_wconf 65' lang='grc' dir='ltr'><strong>ς</strong></span> <span class='ocrx_word' id='word_1_471' title='bbox 568 4567 662 4649; x_wconf 29' lang='lat' dir='ltr'><strong>l&#39;sqq.</strong></span> <span class='ocrx_word' id='word_1_472' title='bbox 711 4569 804 4619; x_wconf 73' lang='lat' dir='ltr'><strong>later</strong></span> <span class='ocrx_word' id='word_1_473' title='bbox 819 4570 849 4618; x_wconf 83' lang='lat' dir='ltr'><strong>et</strong></span> <span class='ocrx_word' id='word_1_474' title='bbox 864 4565 940 4620; x_wconf 77' lang='lat' dir='ltr'><strong>infra</strong></span> <span class='ocrx_word' id='word_1_475' title='bbox 956 4572 1144 4637; x_wconf 66' lang='lat' dir='ltr'><strong>transfertur</strong></span> <span class='ocrx_word' id='word_1_476' title='bbox 1160 4577 1216 4623; x_wconf 78' lang='lat' dir='ltr'><strong>ete.</strong></span> 
     </span>
    </p>
   </div>
   <div class='ocr_carea' id='block_1_9' title="bbox 0 0 1495 4992">
    <p class='ocr_par' dir='ltr' id='par_1_12' title="bbox 0 0 1495 4992">
     <span class='ocr_line' id='line_1_52' title="bbox 0 0 1495 4992; baseline 0 0"><span class='ocrx_word' id='word_1_477' title='bbox 0 0 1495 4992; x_wconf 95' lang='lat' dir='ltr'><strong> </strong></span> 
     </span>
    </p>
   </div>
  </div>
 </body>
</html>
