2950 4992
280 156 416 228 COMM.
437 158 482 227 IN
503 156 629 225 sotsst
650 155 749 224 scm.
791 157 866 222 LlB.
887 159 911 222 l.
954 156 1043 225 GAP.
1063 157 1132 224 XV.
1245 155 1287 223 89

121 328 232 415 quites
281 328 428 415 Quinque
453 328 504 394 alii
530 328 636 394 circuli
664 327 801 412 paralleli
828 334 983 393 vocentur.
1025 326 1144 394 llorum
1166 327 1286 394 medius
1297 328 1335 395 13

122 423 155 478 et
180 413 332 478 maximus
357 423 403 479 est
429 413 676 499 aequinoctialis:
717 414 780 477 duo
806 412 1051 478 extremitatibus
1075 412 1164 478 vicini
1192 422 1285 562 atquc

122 499 193 562 ideo
215 499 336 576 breves,
361 520 494 584 quorum
512 519 593 563 unus
614 497 862 582 septentrionalis
882 496 1008 574 dicitur,
1035 497 1111 563 altor
1130 506 1230 563 austra
1245 500 1285 564 is:

122 583 203 648 inter
223 582 279 648 hos
303 592 335 648 et
355 584 491 648 medium
517 583 579 647 duo
607 590 680 646 sunt
699 583 825 667 tropici,
859 581 990 646 maiores
1015 581 1146 658 ultimis,
1184 584 1285 648 medio

120 668 269 744 minores,
296 676 327 733 et
348 668 406 753 ipsi
426 689 464 731 er
485 675 617 752 utraque
639 674 725 752 parte
747 687 841 731 zonae
862 674 950 732 ustae
971 665 1136 730 terminum
1161 665 1335 748 iaciuntlto]

122 753 248 818 Praeter
269 753 326 818 hos
348 752 400 816 alii
420 751 482 817 duo
504 759 577 816 sunt
597 752 707 828 coluri,
743 752 855 838 quibus
881 773 994 816 nomen
1016 750 1100 814 dedit
1121 750 1336 835 inperfectam

122 838 295 902 conversio:
331 837 502 901 ambientes
527 836 608 901 enim
630 838 911 922 septemtrionalem
931 836 1076 902 verticem
1103 843 1196 919 atque
1216 835 1287 900 inde

121 921 154 985 in
180 922 299 987 diversa
324 922 428 985 diffusi
458 929 490 985 et
516 943 550 986 se
576 924 608 986 in
636 943 758 987 summo
784 923 969 987 intersecant
994 928 1025 987 et
1053 921 1190 1006 quinque
1219 941 1287 1004 par·

120 1007 227 1071 allelos
249 1007 280 1071 in
302 1014 466 1090 quaternus
491 1014 592 1092 partes
613 1008 783 1092 aequaliter
804 1007 957 1084 dividunt,
994 1006 1151 1072 zodiacum
1178 1005 1220 1070 ita
1241 1005 1287 1069 in-

120 1099 325 1168 tersecantcs,
359 1098 396 1155 ut
420 1112 501 1157 unus
529 1112 636 1157 eorum
664 1113 720 1178 per
741 1092 879 1155 Arietem
902 1100 938 1172 ¹et
956 1092 1093 1168 Libram,
1128 1091 1205 1155 alter
1232 1111 1287 1177 per

122 1175 275 1240 Cancrum
296 1177 400 1260 atque*
412 1175 632 1262 Capricornum
654 1176 785 1242 meando
805 1176 961 1240 decurrat:
990 1176 1041 1240 sed
1062 1176 1100 1240 cd
1121 1177 1284 1242 australem

122 1259 266 1324 verticem
288 1282 350 1324 non
373 1261 532 1345 pervenire
559 1261 734 1326 creduntur.
776 1262 848 1325 Duo
877 1259 930 1345 qui
953 1259 989 1324 ed
1013 1281 1175 1326 numerum
1199 1283 1285 1345 prae·
1297 1267 1335 1332 15

122 1342 238 1408 dictum
269 1355 449 1431 supersunt,
489 1347 675 1412 meridianus
707 1355 738 1410 et
769 1345 913 1422 horizon,
952 1366 1015 1408 non
1045 1343 1224 1409 'scribuntur
1254 1346 1286 1410 in

122 1427 265 1514 sphaera,
292 1432 363 1516 quia
384 1441 502 1496 certum
524 1433 624 1498 locum
645 1432 759 1497 habere
782 1453 843 1496 non
867 1437 1009 1516 possunt,
1036 1429 1088 1494 sed
1110 1449 1166 1513 pro
1187 1428 1289 1495 diver-¹

120 1515 210 1579 sitate
248 1515 378 1581 circums
401 1517 520 1581 icientis
552 1518 756 1583 habitantisve
794 1516 957 1582 variantur.
1012 1512 1203 1579 Meridianus
1240 1520 1337 1586 estlh
1428 1513 1440 1533 ⁰

117 1599 200 1662 enim
227 1622 320 1685 quem
347 1539 408 1679 sol,
438 1623 508 1668 enm
538 1625 575 1668 su
597 1623 631 1668 er
661 1602 822 1668 hominum
844 1601 990 1666 verticem
1017 1598 1151 1676 venerit,
1184 1600 1193 1662 i
1217 1621 1285 1664 sum

118 1683 201 1748 diem
227 1687 362 1752 medium
386 1687 546 1752 efficiendo
566 1625 719 1773 designat:
747 1695 778 1752 et
799 1687 871 1772 quia
894 1685 1059 1769 globositas
1081 1694 1181 1749 terrae
1196 1621 1286 1750 babi-

117 1770 250 1834 tationes
272 1772 410 1836 omnium
434 1774 578 1857 aequales
600 1773 658 1837 sibi
680 1793 746 1838 esse
769 1795 831 1837 non
853 1772 981 1857 patitur,
1004 1791 1065 1834 non
1087 1769 1192 1834 eadem
1214 1791 1286 1868 pars

118 1854 194 1917 caeli
217 1857 357 1920 omnium
381 1857 526 1922 verticem
551 1857 695 1943 despicit:
736 1864 768 1921 et
788 1857 857 1922 ideo
880 1877 960 1921 unus
981 1855 1124 1920 omnibus
1145 1856 1286 1920 merrdie-

120 1960 179 2002 nus
200 1960 268 2004 esse
289 1963 351 2006 non
394 1942 500 2020 oterit‚
527 1943 580 2007 sed
600 1942 727 2027 singulis
750 1943 892 2025 gentibus
913 1962 1005 2027 super
1026 1941 1171 2006 verticem
1194 1962 1284 2006 suum

120 2025 264 2109 proprius
284 2026 359 2090 meri
382 2026 470 2092 ianus
489 2027 628 2092 allicitur.
675 2027 823 2092 Similiter
843 2026 901 2092 sibi
922 2026 1112 2091 horizontem
1136 2025 1208 2090 lacit
1228 2027 1335 2094 cir-ll

120 2110 306 2196 cumspectio
337 2111 537 2196 singulorum.
585 2113 721 2178 Horizon
749 2121 796 2188 est
822 2113 904 2178 enim
936 2112 1019 2178 velut
1045 2111 1178 2196 quodam
1204 2112 1285 2176 circo

119 2193 295 2279 designatus
323 2196 473 2263 terminus
499 2198 575 2263 eceli
604 2198 687 2284 quod
715 2218 809 2282 super
838 2205 951 2262 terram
979 2196 1114 2262 ridetur:
1153 2203 1184 2260 et
1213 2197 1285 2280 quia

118 2279 156 2343 ad
179 2280 279 2366 ipsum
303 2303 373 2346 vere
395 2282 487 2346 finem
511 2305 574 2347 non
595 2289 697 2369 potest
723 2282 857 2347 humana
878 2282 958 2346 acies
980 2279 1155 2378 pervenire,
1188 2300 1285 2364 quan·

117 2371 185 2430 tum
213 2367 345 2515 quisque
383 2367 490 2433 oculos
528 2367 770 2432 circumferendo
810 2372 1004 2450 conspexerit
1035 2363 1194 2449 proprium
1227 2363 1284 2428 sibi

119 2451 193 2514 caeli
217 2473 279 2538 quo
322 2460 548 2536 superterram
571 2460 618 2516 est
638 2452 806 2515 terminum
826 2451 905 2514 lacit.
947 2450 1006 2513 llic
1026 2447 1169 2523 horizon,
1191 2468 1284 2532 quem
1296 2451 1335 2517 18

119 2535 177 2599 sibi
197 2537 439 2620 uniuscuiusque
458 2536 681 2601 circumscribit
700 2542 849 2619 aspectus,
870 2533 952 2598 ultra
973 2539 1127 2596 trecentos
1148 2539 1179 2596 et
1199 2553 1284 2597 sexa·

22 2626 28 2636 “
118 2619 204 2706 ginta
228 2620 343 2684 stadios
365 2620 589 2705 longitudinem
611 2621 692 2684 intra
713 2639 747 2683 se
776 2618 933 2683 continere
956 2638 1018 2682 non
1041 2616 1162 2702 poterit.
1205 2617 1284 2684 Can·

908 2771 991 2834 [Edd.
1015 2768 1218 2838 ricahgspdzh.

118 2863 188 2918 (orn.
204 2864 228 2908 ct
243 2857 383 2917 anteced.)
399 2855 430 2908 F.
583 2860 624 2908 ts.
663 2859 784 2924 Qninqnc
799 2865 906 2909 antem
923 2857 973 2908 alii
992 2856 1061 2906 Bsr.
1097 2857 1212 2922 quinque
1227 2875 1285 2908 nn-

117 2933 180 2979 (σοι
192 2931 260 2985 (om.
278 2926 342 2985 atti)
352 2923 382 2975 G.
400 2953 434 2963 -
449 2923 588 2991 porallclli
604 2927 697 2977 circuli
711 2926 762 2976 Ra.
798 2942 900 2991 neque
920 2931 1053 2976 stantes
1070 2925 1197 2991 paralleli
1216 2930 1285 2985 (om.

119 2993 225 3053 circuli]
240 2994 312 3044 Bari.
329 3021 364 3031 -
382 2993 435 3044 dno
452 2992 547 3058 tropici
564 2999 632 3054 (om.
649 2999 725 3054 sont)
743 2993 813 3044 Bure.
830 3022 865 3030 -
884 2994 937 3060 ipsi
953 2997 1021 3052 (cnr.
1039 2996 1078 3051 ct)
1096 2991 1168 3042 an.
1183 3021 1218 3029 -—
1237 3011 1285 3044 za-

119 3077 172 3112 noe
186 3070 328 3128 perustae
346 3061 397 3111 tta„
415 3089 450 3098 —-
466 3060 599 3112 terminos
615 3060 766 3112 FBnnle
918 3061 959 3110 14.
994 3059 1046 3110 dno
1064 3067 1124 3110 sunt
1141 3060 1191 3110 clii
1208 3075 1232 3108 v.
1251 3089 1287 3098 -

61 3142 65 3147 ’
119 3129 204 3180 coluri
221 3146 274 3180 om.
294 3128 323 3180 S.
358 3128 454 3180 coruli
471 3128 500 3178 P.
536 3131 601 3180 cori
617 3131 691 3195 (sup.
707 3130 749 3192 ln,
767 3127 794 3178 in
818 3143 873 3194 mg.
892 3126 1009 3191 caruli)
1031 3125 1060 3175 F.
1105 3126 1226 3178 circuli
1242 3127 1285 3178 Rl

118 3212 136 3247 v
152 3195 188 3262 (C
205 3214 266 3262 sup.
282 3196 386 3248 coruli
403 3211 474 3245 corr.
488 3195 517 3246 in
535 3197 614 3262 cnr).
649 3198 723 3260 „Mn
741 3209 881 3262 suprascr.
897 3195 986 3246 circi.“
1000 3221 1035 3231 —
1052 3195 1193 3245 ambientes
1207 3195 1287 3260 (add.

118 3279 136 3316 a
154 3279 210 3314 ccc.
223 3281 260 3316 m.
275 3265 357 3325 enim)
377 3263 451 3314 FRQ.
466 3292 500 3300 -
517 3271 598 3330 ctqnc
613 3265 681 3329 (om.
699 3263 776 3328 inde)
793 3263 912 3314 11η-
929 3262 1019 3313 divisi
1037 3260 1122 3312 Boon.
1142 3277 1158 3311 a
1177 3278 1232 3312 sec.
1249 3279 1286 3314 m.

118 3359 153 3370 -
171 3333 357 3384 intersecantcs
376 3337 445 3392 (om.
464 3332 518 3391 ito)
538 3348 563 3382 r.
582 3340 658 3384 —ct
676 3333 856 3398 capricornum
873 3328 905 3379 F.
922 3357 957 3367 ·-
975 3329 1008 3379 di
1014 3336 1120 3379 scnrrnt
1140 3327 1218 3379 CTn.

120 3403 161 3449 ta.
197 3401 233 3452 ad
247 3401 413 3468 praedictum
424 3415 561 3449 armenem
577 3399 607 3448 F.
622 3428 654 3437 —
674 3400 707 3450 id
723 3407 772 3450 cat
789 3398 951 3448 meridianus
965 3395 1050 3462 „lage
1061 3412 1093 3446 er
1105 3394 1287 3446 oxoniensi.“

120 3466 206 3518 Gran.
359 3469 400 3517 16.
438 3465 605 3518 Meridianus
625 3467 693 3517 anim
715 3475 754 3518 cst
775 3464 848 3514 0112.
873 3469 908 3502 -“
930 3463 1105 3514 habitationes
1127 3461 1287 3514 hominnm

117 3533 214 3585 PBnn.
230 3563 265 3572 —-
280 3549 350 3584 nnnc
367 3533 493 3584 omnium
510 3531 542 3583 F.
557 3562 592 3573 -
610 3534 726 3602 singolis
742 3539 811 3594 (om.
828 3532 966 3600 gentihus)
984 3547 1009 3580 v.
1025 3559 1059 3566 —
1076 3530 1220 3596 efficiatur
1234 3532 1285 3586 ltl.

222 3605 265 3651 11.
299 3601 441 3651 orizontcm
458 3600 509 3651 sibi
519 3602 592 3666 facit
609 3602 659 3652 Re.
689 3603 762 3664 fecit
779 3601 830 3652 sibi
845 3599 1003 3650 horizontem
1020 3614 1081 3664 v-g.
1100 3626 1134 3634 -
1153 3599 1203 3650 Est
1218 3599 1287 3651 enim

119 3669 211 3720 orizon
226 3669 278 3718 Rl·
313 3669 404 3718 orizon
422 3668 491 3718 enim
509 3675 548 3720 cst
567 3669 618 3718 Ra
636 3697 671 3706 -
693 3669 856 3736 designator
875 3667 925 3716 ltl.
944 3693 978 3702 --
1000 3673 1030 3718 ct
1045 3665 1114 3732 qaod
1132 3663 1161 3717 0.
1184 3693 1219 3704 -
1240 3684 1287 3720 vc·

117 3753 189 3787 ram
208 3735 277 3786 Bsn.
297 3733 333 3793 (la
349 3751 365 3785 a
384 3740 519 3795 sec..m.).
536 3765 571 3773 -
593 3737 737 3803 conrpcrit
755 3753 783 3800 g.
818 3735 1040 3800 circumspexit
1063 3731 1116 3782 Hl.

118 3807 162 3854 18.
198 3803 250 3853 Hic
266 3799 540 3869 cussini-gemo.
576 3803 646 3854 hinc
667 3803 811 3854 s-bl’Bnn.
835 3831 870 3839 -
892 3802 1127 3867 circumscripsit
1150 3800 1199 3851 Pa.
1233 3802 1288 3852 cir-

119 3870 278 3938 cumspicit
301 3867 333 3918 (l.
355 3898 389 3906 -
413 3874 534 3922 trecento
551 3869 588 3932 (F
606 3887 666 3938 sup.
684 3876 726 3931 or)
745 3879 771 3923 ct
787 3870 930 3938 sexaginta
947 3869 1043 3921 stadia
1065 3867 1120 3919 CF.
1156 3868 1211 3918 Sed
1229 3876 1288 3921 sta-

154 4006 197 4055 14.
232 4002 531 4070 colari‚quihusnnmcn
548 4005 622 4057 dedit
636 4004 681 4056 in·
730 4021 791 4074 ogr.
810 4004 867 4055 vol.
888 4002 916 4064 l,
941 4020 967 4070 p.
984 4005 1044 4054 535.
1079 4001 1190 4053 Gemin.
1210 4001 1288 4068 leeg.

117 4065 681 4141 perfectoconcasichlocpoqarerbis
732 4090 757 4124 c.
775 4074 800 4122 4.
837 4070 940 4122 llchill.
958 4069 1023 4120 Tat.
1041 4068 1117 4137 long.
1137 4073 1181 4119 st.
1215 4069 1289 4134 Hip-

119 4133 244 4190 κολούειν
262 4143 290 4189 et
307 4132 387 4205 cripui,
405 4139 456 4199 (cl.
475 4140 595 4205 Oppian.
613 4140 680 4190 Hal.
732 4139 879 4206 patched
899 4138 975 4190 drot.
993 4137 1146 4188 Phaonem.
1164 4137 1187 4194 1,
1207 4141 1242 4186 zt
1260 4141 1290 4188 et

122 4206 173 4270 lv,
202 4208 262 4256 484.
292 4201 344 4270 τὴν
369 4201 393 4256 δ’
416 4200 558 4258 ἐκόλουσεν
583 4200 682 4273 οὐρῆς)
731 4211 776 4258 20.
810 4206 953 4258 Eratosth.
978 4223 1004 4270 p.
1025 4208 1077 4254 262
1094 4203 1124 4255 Α.
1159 4204 1289 4255 Eustath.

124 4280 189 4324 sunt
206 4273 294 4324 canda
310 4275 397 4325 trunci
414 4275 514 4325 circuli.
548 4273 592 4324 ct.
610 4290 682 4339 quac
732 4293 760 4341 p.
788 4276 851 4339 154,
879 4278 914 4324 20
941 4271 975 4323 G.
999 4273 1031 4322 l).
1068 4271 1151 4321 Mart.
1181 4271 1289 4337 capell.

124 4346 290 4404 sequuntur:
327 4342 363 4391 nd
390 4343 533 4394 unstrutam
560 4344 682 4393 emicem
733 4341 811 4404 Vlll,
838 4343 851 4408 1
874 4344 925 4391 823
951 4344 977 4390 et
999 4342 1051 4390 832
1073 4355 1149 4406 seqq.
1190 4340 1289 4394 ments.

125 4405 160 4466 (i.
175 4422 199 4456 e.
235 4408 326 4467 olum)
345 4425 398 4460 non
410 4410 549 4476 perocnirc
567 4409 682 4460 credun·
733 4409 845 4462 Astron.
862 4409 890 4472 l,
906 4411 967 4458 600.

123 4479 177 4528 tur.
210 4425 254 4523 dl.
270 4473 362 4542 Pauly
379 4476 590 4544 Rcal-Encycl.
612 4493 635 4528 ι.
652 4476 683 4526 h.
769 4480 812 4527 18.
845 4474 956 4540 stadios]
984 4472 1172 4525 Masculinum
1201 4491 1292 4541 genus

123 4538 683 4606 ι,ο(11οοῐοίςοι11οοι11).0.ο11.(ὶο-
732 4544 789 4600 boc
811 4559 866 4598 nno
889 4543 952 4596 loco
975 4541 1018 4597 bis
1040 4548 1136 4614 aprertc
1159 4542 1293 4600 tribuitur
