2950 4992
220 164 282 232 182
702 163 912 232 Mncnonu

218 349 270 401 tur
289 358 378 412 mue,
406 336 584 420 pumero
605 346 702 399 oulen
720 336 770 399 lic
788 337 907 402 lucarie
927 349 1012 426 ctqrce
1033 337 1162 424 r'ufimue
1201 339 1280 405 Nom
1299 350 1399 416 terro,

218 444 316 499 uoco,
340 422 488 486 r'rrmodilu
507 443 645 496 monuo,
671 443 736 486 uuo
756 423 823 488 cede
842 446 957 510 semper
977 425 1089 499 louet,
1116 423 1263 510 conplexa
1283 428 1401 490 mundi

217 508 348 573 medium
374 508 478 570 Meum,
524 506 578 570 lllr'
595 516 693 569 autern
717 519 780 572 octo
804 531 923 585 curetur,
961 510 995 573 iu
1021 510 1128 596 qur'lrm
1150 510 1252 575 eodem
1278 512 1324 575 cair
1350 524 1399 576 est

218 595 362 667 ducrum,
396 602 503 677 reptem
523 591 654 678 efficiunt
672 591 823 658 dutiudor
851 595 1015 659 iuterccllrir
1034 615 1138 670 emtor,
1170 597 1226 681 qui
1245 619 1396 662 nummus

216 699 321 743 rerum
338 677 472 740 omnium
488 679 552 762 [ere
572 677 670 741 ncdcn
691 689 740 742 eet.
785 680 874 756 (lund
902 681 982 745 docti
1000 680 1133 744 lomtuer
1159 682 1259 745 cercis
1280 683 1398 747 imr'toti

181 767 209 830 ‚4
324 762 459 826 comitur
484 774 669 860 aperueruut
689 764 749 828 uti
767 765 897 829 reddum
919 768 954 830 iu
979 767 1059 830 lucc
1083 765 1187 830 locunt
1234 767 1394 851 Exposita

216 870 252 934 ep
275 868 416 912 aerarum
438 847 547 912 ordine
575 856 723 933 motuque
756 849 909 935 descripto
937 871 999 937 quo
1027 860 1144 936 septem
1171 849 1323 917 subiectae
1355 854 1393 917 in

217 933 405 998 contrarium
424 933 509 997 caelo
526 933 668 998 seruntur
689 955 881 1021 consequens
901 945 962 1014 cst,
991 945 1027 1002 ut
1049 937 1171 1022 qualem
1191 957 1299 1002 sonum
1317 945 1393 1001 tan-

118 1019 122 1025 '
187 1019 318 1084 aterum
347 1017 475 1082 molium
503 1018 644 1104 inpulsus
671 1019 784 1085 efficiat
816 1021 865 1085 hic
890 1022 1074 1106 requiratur.
1124 1023 1172 1086 Ex
1205 1022 1271 1108 ipso
1299 1023 1389 1088 enim

217 1103 428 1170 circumducta
449 1103 571 1168 orbium
592 1125 703 1170 conum
724 1107 806 1171 nasci
826 1127 950 1172 necesse
972 1117 1034 1172 est:
1055 1107 1127 1193 quia
1150 1129 1312 1193 percussus
1332 1129 1392 1174 aer

217 1191 285 1276 ipso
307 1190 483 1254 interventu
503 1189 581 1254 ictus
602 1190 664 1255 vim
687 1190 725 1255 de
747 1213 780 1256 se
803 1191 931 1276 fragoris
952 1193 1074 1269 emittit,
1095 1193 1159 1278 ipsa
1181 1203 1309 1278 cogente
1333 1215 1389 1258 na-

216 1285 301 1352 tura,
337 1283 373 1339 ut
399 1274 431 1337 in
460 1295 572 1340 sonum
599 1275 719 1341 desinat
747 1277 879 1344 duorum
908 1299 1072 1364 corporum
1099 1279 1234 1344 violenta
1261 1279 1390 1344 collisio.

217 1360 276 1424 Sed
298 1361 324 1424 ie
345 1380 453 1437 conus,
481 1360 535 1446 qui
557 1381 596 1425 ex
619 1362 837 1448 qualicumque
859 1364 938 1428 aeris
959 1365 1022 1429 ictu
1043 1365 1194 1442 nascitur,
1222 1372 1276 1428 aut
1296 1364 1390 1430 dulce

215 1446 360 1531 quiddam
387 1445 418 1508 in
442 1466 533 1510 aures
566 1455 599 1510 ct
629 1448 780 1524 musicum
810 1448 909 1514 defert
932 1457 985 1516 aut
1010 1451 1150 1535 ineptum
1179 1456 1211 1514 et
1242 1471 1389 1534 asperum

186 1531 313 1597 (isonat.
358 1531 446 1610 ,Nam
473 1531 499 1594 si
529 1530 623 1596 ictum
651 1533 826 1599 observatio
857 1555 1056 1600 numerorum
1085 1543 1168 1600 certa
1197 1536 1389 1614 moderetur,

214 1616 407 1703 conpositum
430 1616 551 1701 sibique
572 1618 768 1684 consentiens
789 1619 986 1685 modulamen
1009 1621 1165 1686 educitur:
1194 1628 1315 1686 etcum
1339 1622 1388 1686 in·

180 1771 185 1780 ,
214 1711 319 1790 crepat
337 1702 537 1768 tumultuaria
557 1710 590 1768 et
612 1704 704 1772 antiis
724 1705 825 1774 modis
844 1706 1014 1792 gubernata
1033 1707 1166 1785 collisio,
1196 1706 1299 1792 fragor
1319 1715 1389 1772 tur-

281 1875 351 1928 ntae.
376 1872 603 1936 consented]

213 1957 796 2079 nttttttpttffltdur..tt‘t'tt
813 1961 922 2082 Ἣ]
941 1961 1000 2081 ..ἳῗ
1013 1961 1200 2090 §.ttrite
1219 1981 1251 2096 «Γ
1258 1980 1306 2067 ''l‘'
1322 1965 1389 2082 tl?

213 2113 258 2147 auc
282 2105 338 2147 octo
364 2095 415 2145 Ro.
443 2119 479 2134 -·
509 2095 620 2144 ducrum
643 2093 750 2146 CFSRt
776 2097 874 2161 (Rhe
896 2115 952 2147 ree.
977 2102 1026 2156 m.)
1052 2097 1250 2162 vtcngufflrlo
1274 2097 1387 2160 „Mee.“

213 2164 311 2225 Gran„
328 2163 376 2229 qni
395 2166 472 2213 recte
488 2168 582 2212 monet
598 2178 622 2211 a.
639 2165 656 2213 4
674 2163 699 2229 [§
717 2165 754 2230 9.]
772 2165 844 2214 idem
863 2165 890 2214 in
907 2164 969 2214 edd.
989 2163 1056 2230 legi.
1092 2165 1204 2214 duorum
1226 2163 1386 2218 Mercurii

214 2241 246 2285 et
269 2234 293 2283 V
295 2231 405 2283 euerie
422 2246 454 2288 az
472 2230 565 2296 „apud
584 2229 748 2283 Ciceronem
766 2247 819 2282 uno
839 2249 872 2282 ex
890 2231 1014 2283 codice.“
1034 2231 1129 2293 Gran,
1149 2230 1229 2281 cuiue
1248 2229 1303 2280 rid.
1323 2241 1383 2282 unt.

213 2298 359 2352 nrodorurn
375 2299 397 2350 Ρ
416 2299 473 2360 (Ru
490 2314 507 2350 a
523 2317 550 2366 p.
568 2305 618 2358 m.)
637 2316 691 2351 e-u.
719 2328 753 2338 -—
778 2301 919 2351 dictinctio
937 2297 1135 2364 v·gG10LTn.
1161 2325 1196 2334 ——
1223 2297 1323 2348 modue
1340 2306 1382 2350 eet

213 2369 267 2419 112.
289 2397 323 2405 —-
346 2375 547 2435 apparuerunt
566 2364 596 2416 C.
750 2369 775 2417 4.
811 2384 887 2434 quoe
905 2375 1000 2434 reptem
1019 2365 1188 2416 culiuuctce
1207 2363 1238 2413 F.
1258 2393 1291 2402 -
1315 2381 1383 2416 eou-

213 2453 322 2504 eequene
340 2441 417 2502 (cup.
440 2434 503 2486 add.
520 2451 539 2484 r.
560 2439 612 2492 ert)
631 2431 661 2484 G.
686 2463 720 2473 -
746 2435 878 2502 efficiunt
895 2441 964 2495 (om.
986 2433 1040 2492 hie)
1059 2431 1090 2483 F.
1242 2435 1267 2483 5.
1303 2433 1336 2482 de
1355 2451 1384 2485 ee

208 2505 334 2574 frogerio
351 2504 446 2555 emittit
462 2519 554 2554 eccum
569 2501 601 2552 F.
619 2529 651 2540 -
667 2503 696 2553 iu
713 2521 807 2555 conum
825 2511 961 2569 erumpat
980 2501 1039 2562 (ru
1058 2517 1076 2552 a
1092 2515 1148 2550 eac.
1166 2504 1218 2559 m.)
1235 2498 1383 2552 Bamssan.

213 2574 431 2638 ‚,menrbranac“
450 2571 537 2622 Gron.
556 2570 589 2621 ad
611 2570 639 2634 1,
656 2573 705 2633 29,
725 2571 739 2633 d
756 2576 781 2624 9.
830 2572 939 2624 cotlieio·
965 2571 1018 2622 Sed
1036 2569 1088 2621 lric
1104 2584 1184 2618 couue
1202 2568 1253 2618 tu.
1305 2570 1384 2620 colli-

212 2644 296 2692 eione
312 2642 446 2691 dieeouue
464 2639 517 2689 112.
534 2665 565 2676 -
588 2638 736 2705 quoddam
757 2639 812 2690 via.
836 2667 867 2676 —
892 2640 919 2690 in
942 2640 1069 2689 curitue
1086 2635 1203 2686 Bchr.
1222 2665 1253 2700 ·.·
1280 2645 1304 2690 ct
1322 2655 1384 2689 rnu-

212 2711 295 2761 eieurn
313 2710 341 2758 in
359 2723 436 2758 curer
456 2706 506 2763 R2.
523 2734 558 2744 -
576 2715 634 2758 cut
651 2722 774 2772 urperurn
796 2724 820 2757 r.
840 2737 873 2746 -
890 2714 1028 2774 perennat
1047 2704 1229 2762 conicum.

213 2781 239 2827 6.
275 2776 493 2842 compositumque
509 2774 559 2824 cili
577 2773 609 2824 B.
656 2775 826 2840 compositum
844 2776 894 2825 aidi
914 2781 991 2842 (cup.
1013 2774 1076 2825 add.
1095 2777 1157 2840 que)
1178 2771 1229 2821 Bt.
1277 2789 1383 2840 compc-

213 2845 268 2894 eito
287 2843 388 2910 cibique
403 2842 433 2892 P.
451 2869 485 2881 -
506 2842 640 2892 modulum
658 2847 734 2906 (cup.
752 2843 815 2892 aeid.
834 2843 891 2901 ine)
908 2842 958 2892 Rt.
979 2869 1014 2882 -
1034 2843 1153 2894 educitur
1168 2838 1384 2906 norsum-gu

212 2911 345 2962 IOGorr.
386 2910 495 2960 ducitur
512 2909 589 2960 ΒΗ).
629 2909 727 2961 editur
744 2909 825 2960 e-bP.
866 2910 1002 2975 efficitur
1019 2925 1035 2960 e
1054 2917 1088 2976 (g
1105 2909 1132 2960 in
1152 2913 1234 2975 mg.).
1274 2908 1384 2959 elicitur

214 2981 268 3031 ΗΞ.
302 2975 402 3044 „Atiae
422 2982 465 3027 eet
480 2977 607 3027 educitur.
642 2977 703 3042 Ego
722 2985 874 3042 praecunte
892 2976 1045 3044 marginali
1067 2977 1186 3028 tectione
1203 2977 1317 3042 efficitur
1338 2993 1384 3024 re-

213 3049 319 3116 fingam
338 3045 468 3098 elicitur.“
495 3044 576 3096 Pont.
606 3073 632 3082 ·-
662 3052 690 3096 cl
708 3063 793 3112 quem
811 3045 842 3096 F.
885 3053 943 3097 cut
963 3063 1020 3097 cum
1039 3045 1129 3096 Gerr.
1169 3053 1226 3095 cut
1248 3049 1334 3104 (corr.
1354 3043 1384 3094 in

248 3215 279 3277 1,
298 3217 324 3268 8.
364 3214 427 3265 Octo
445 3229 536 3264 eurrue
553 3247 576 3264 ..
594 3220 692 3280 ecptern
711 3213 773 3277 effi·
823 3211 1002 3264 artronomie.
1019 3209 1384 3278 Certeomnibnequinihil

214 3285 287 3336 ciunt
326 3282 463 3334 distinctae
499 3283 648 3332 intervellie
683 3279 772 3345 eonor]
824 3281 964 3347 legerunt.
998 3279 1129 3346 Numqui
1143 3279 1384 3332 Macrobiodede·

212 3352 339 3417 „Serene
371 3358 428 3402 ecte
462 3353 590 3414 quamrie
621 3352 679 3400 rint
709 3354 774 3398 octo
824 3346 1383 3414 runtoperam,eeiunthuiueipeiaeli·

214 3438 314 3473 coreue
331 3421 376 3472 rel
391 3419 483 3482 orbec,
497 3417 545 3484 qui
563 3416 671 3484 cinguli
688 3416 774 3466 odunt
825 3416 869 3468 bri
887 3433 948 3477 cap.
966 3418 983 3466 4
1006 3415 1030 3482 [ᾗ
1049 3417 1086 3482 9.]
1107 3415 1220 3466 haberit
1242 3424 1382 3484 propterea

214 3489 353 3542 rnneicam
374 3503 487 3548 eanum,
518 3502 571 3537 non
593 3492 686 3536 tamen
710 3491 774 3535 octo
824 3486 888 3553 quio
914 3485 1081 3536 Mercuriolir
1108 3492 1133 3536 et
1159 3485 1285 3536 Veneriae
1313 3488 1384 3539 erbie

214 3557 342 3607 divereoe
363 3554 440 3606 ellici
458 3571 556 3614 conoe,
581 3556 632 3604 rect
652 3559 774 3604 tantum·
824 3562 878 3604 etc.
914 3553 1017 3603 Eodem
1036 3552 1158 3616 pertinet
1177 3551 1248 3617 quod
1267 3565 1328 3617 cap.
1349 3559 1380 3606 ll

215 3624 298 3674 modo
314 3631 431 3687 reptem,
446 3621 513 3687 qnia
528 3622 656 3684 duorum,
674 3635 774 3686 nempe
825 3621 850 3687 [ξ
872 3619 909 3685 7.]
940 3620 1009 3671 Nam
1032 3637 1123 3671 curcur
1144 3620 1248 3686 quidem
1274 3621 1384 3675 Veneria

215 3690 332 3742 Veneri·
357 3696 385 3740 et
411 3688 561 3751 Mercurii,
594 3690 691 3740 eadem
721 3687 774 3746 rie,
824 3697 904 3756 utque
928 3688 1052 3739 Mercurii
1077 3704 1161 3756 poene
1186 3703 1237 3754 por
1259 3688 1309 3739 coli
1333 3701 1382 3742 eet.

213 3758 291 3810 idem
323 3772 418 3809 eonor·
459 3757 494 3806 nt
524 3772 590 3806 ecce
619 3755 672 3807 tibi
698 3756 774 3820 apud
824 3756 882 3807 Nec
908 3755 1020 3806 diverea
1042 3756 1128 3806 habea
1152 3755 1201 3806 tta.
1219 3754 1246 3816 l,
1268 3771 1329 3820 cap.
1348 3764 1381 3810 19

215 3827 380 3879 Ciceronem
399 3838 454 3874 nno
473 3837 507 3872 ex
528 3823 624 3873 codice
644 3823 776 3874 reddide·
825 3824 850 3890 [fi
867 3823 914 3888 5.].
948 3823 985 3874 Et
1004 3823 1116 3890 accepit
1135 3839 1152 3874 a
1174 3822 1291 3874 Platone
1315 3825 1381 3892 [im-

215 3901 282 3948 runt
306 3896 335 3948 tu
357 3891 450 3960 quitur
470 3889 562 3940 cedern
583 3891 625 3940 oie
649 3898 688 3942 eet
709 3891 774 3940 duo·
825 3908 870 3943 rna
891 3891 1009 3943 Timaeo
1026 3890 1115 3942 Locro
1137 3908 1165 3957 p.
1181 3894 1216 3942 96
1233 3891 1278 3972 Ε]
1299 3893 1381 3947 cuiue

214 3982 289 4027 runi,
321 3959 481 4014 Mercurii
504 3964 533 4009 et
561 3958 703 4008 Venerii.
740 3957 776 4008 at
825 3964 869 4010 eet
885 3959 913 4010 in
933 3959 1006 4010 libro
1022 3959 1056 4009 de
1072 3958 1166 4011 anima
1185 3960 1294 4010 munder
1319 3957 1381 4015 Ado

214 4032 288 4086 mitri
308 4029 484 4096 exploratum
505 4030 549 4077 eet
571 4025 624 4077 trae
642 4030 701 4076 trec
724 4040 774 4076 no·
823 4021 848 4078 δ’
870 4022 1012 4093 ἰσόδρομοι
1034 4020 1115 4097 clethr
1139 4021 1207 4090 tort,
1287 4027 1327 4094 pei
1351 4047 1382 4082 ra

214 4118 263 4152 cee
281 4115 345 4152 ecee
360 4097 396 4148 alr
417 4097 586 4158 interprete,
607 4109 641 4144 ac
659 4109 710 4160 per
727 4107 773 4144 er·
822 4087 977 4161 uui'ldpue,
990 4149 993 4156 ,
1004 4090 1055 4146 τὸν
1066 4088 1226 4160 Ἀφροδίτας
1240 4109 1276 4145 uc
1305 4111 1381 4164 φωσ.

213 4185 306 4221 rorem
331 4163 444 4219 librarii
471 4177 635 4229 quocunque
663 4161 715 4212 tuo
743 4160 772 4212 in
823 4157 912 4228 φόρον
932 4159 977 4212 τοὶ
998 4159 1094 4212 πολλοὶ
1113 4155 1264 4212 rotimum
1287 4164 1379 4218 Geor.

213 4237 312 4288 codice
328 4233 438 4286 addita:
457 4247 541 4298 quum
558 4229 657 4282 Cicero
676 4229 711 4280 de
729 4227 773 4280 in·
822 4255 856 4268 -
874 4229 950 4280 adae
968 4229 1041 4281 Plat.
1060 4227 1134 4280 Tim.
1154 4245 1181 4294 p.
1199 4232 1242 4280 ³8.
1258 4222 1336 4295 ἥλιον
1354 4229 1380 4284 δ’

212 4303 323 4355 dactria
341 4300 458 4361 caverit,
478 4315 513 4350 ne
529 4297 690 4350 nominituo
708 4295 773 4350 ietie
822 4295 860 4356 εἰς
874 4290 924 4346 τὸν
947 4291 1075 4363 δεύτερον
1095 4290 1245 4429 delegoque,
1274 4293 1380 4364 ἑωσφό.

212 4371 396 4436 sphaerarum
428 4366 603 4432 frequentior
636 4370 772 4428 uteretrrr,
821 4379 872 4429 por
887 4357 918 4412 dl
931 4359 979 4413 uui
993 4358 1043 4414 cdo
1063 4358 1139 4429 ἱερὸν
1199 4362 1254 4427 pori
1271 4361 1379 4430 λεγόμε.

212 4451 267 4549 guo
305 4435 454 4502 cogentior
487 4438 564 4485 ercet
602 4432 770 4484 obecuritae.
819 4445 870 4480 rou
896 4427 938 4508 ale
959 4423 1026 4487 rode
1051 4423 1127 4495 τάχει
1151 4425 1200 4494 μὲν
1230 4427 1380 4498 loddpcpau

234 4501 364 4552 etaient
383 4501 444 4552 eine
464 4498 621 4551 triniacum
639 4499 702 4550 tore
718 4499 770 4550 ob·
815 4489 886 4561 rillqr
901 4489 1123 4576 J‘Wl'wsssslwffr
1140 4492 1192 4562 τὴν
1208 4491 1232 4548 d'
1249 4493 1378 4553 decorior

210 4565 406 4619 eenriuinnnn
423 4565 554 4620 omnibu·
572 4571 768 4631 praeterquam
818 4561 960 4626 εἰληχοταε
975 4575 1053 4630 awo
1072 4559 1197 4628 dmuprr.
