2950 4992
250 164 387 233 COMM.
407 162 452 232 IN
473 158 721 230 soumsum
763 159 839 226 ΠΒ.
859 161 883 225 l.
927 160 1016 229 GAP.
1036 161 1123 228 xxt
1211 159 1271 232 lut

103 339 162 405 sim
181 356 254 405 nasa
273 333 421 402 mutando
441 340 474 399 et
490 353 547 482 per
565 329 874 430 singulas-inlimatis
896 351 994 418 aquae
1009 341 1114 433 partes
1133 302 1270 420 singulos

503 442 512 482 ι
510 424 668 568 Ο(ξιιιηιιιιιι
691 417 804 482 limites
825 417 1015 500 annotando,
1051 419 1105 485 uhi
1125 441 1269 492 consum·

104 425 163 490 sibi
185 422 414 490 ascendentium
434 433 489 485 'cae

103 518 186 574 mata
206 510 267 574 iam
287 507 372 574 omni
391 526 448 593 per
466 504 509 568 du
551 500 628 568 ecim
652 510 755 588 partes
775 522 855 588 aqua
874 502 911 566 ad
934 502 1024 586 primi
1044 504 1122 588 signi
1144 507 1269 576 exordia

103 601 286 682 perventum
306 602 370 670 est,
397 591 465 657 sine
485 588 581 652 duhio
602 588 662 654 iam
688 587 799 654 divisas
822 587 976 671 certisque
1002 587 1060 652 sibi
1083 589 1269 658 ohservatio-

103 680 195 747 nibus
214 688 246 745 et
264 678 385 745 indiciis
404 680 565 740 annotatas
586 671 747 739 duodecim
769 671 844 738 caeli
866 683 969 759 partes
988 679 1091 738 tantae
1113 685 1269 760 compotes

103 765 337 832 machinationis
360 760 543 828 hahuerunt
594 758 686 838 Quod
714 780 778 824 non
805 767 896 824 nocto
923 779 983 824 una
1007 757 1060 824 sed
1086 758 1205 826 duahus
1228 761 1316 831 othl

102 846 215 917 lectum
238 858 300 927 est,
330 846 403 933 quia
425 865 518 910 omne
542 845 659 911 caelum
682 865 744 910 una
767 852 856 912 noete
880 866 941 910 non
964 843 1111 923 volvitur,
1139 845 1193 912 scd
1217 865 1271 930 per

103 936 184 1004 diem
209 935 340 1002 vertitur
362 947 433 1017 pars
461 929 527 994 eius
554 930 655 996 media
675 938 707 995 et
734 930 881 997 medietas
909 929 1028 1016 reliqua
1056 952 1111 1017 per
1139 938 1271 998 noctem.

103 1022 168 1089 Nec
195 1029 300 1087 tamen
321 1017 440 1082 caelum
465 1036 558 1080 omne
582 1015 714 1080 duarum
741 1016 798 1080 sihi
828 1017 1037 1100 proximarum
1060 1018 1195 1084 noctium
1225 1017 1271 1083 di·

103 1106 175 1174 visit
208 1103 372 1188 inspectio:
412 1099 466 1167 sed
499 1100 689 1166 diversorum
724 1107 900 1185 temporum
935 1113 1085 1168 nocturna
1119 1103 1271 1172 dimensio

103 1199 272 1274 utrumque
300 1185 560 1273 hemisphaerium
592 1185 716 1270 paribus
743 1206 841 1271 aquae
868 1185 985 1252 vicibus
1011 1185 1176 1270 annotavit
1228 1191 1321 1260 mas

104 1276 160 1340 has
187 1274 197 1338 i
220 1295 269 1341 sas
293 1273 455 1339 duodecim
485 1279 587 1356 partes
609 1271 695 1355 signa
721 1269 867 1356 appellari
897 1267 1087 1336 maluerunt:
1126 1281 1270 1360 certaque

105 1296 233 1444 singuds
254 1359 401 1426 vocabula
421 1358 518 1464 gratia
540 1356 770 1442 signiticationis
792 1356 909 1420 adiecta
930 1363 1017 1435 sunt,
1039 1364 1070 1421 et
1092 1358 1163 1441 quia
1185 1359 1271 1443 signu

106 1447 225 1513 Graeco
244 1445 370 1510 nomine
390 1444 490 1522 ζωὸια
511 1450 744 1529 nuncupantur,
780 1441 895 1506 circum
917 1442 1017 1526 ipsum
1043 1441 1200 1526 signorum
1222 1465 1272 1510 zo·

103 1532 238 1608 diaeum,
275 1530 365 1618 quasi
392 1528 587 1614 signiferum,
622 1534 818 1594 vocaverunt.
869 1527 956 1592 Hanc
986 1533 1089 1592 autem
1121 1529 1271 1594 rationem
1280 1530 1322 1596 23

103 1617 197 1684 iidem
218 1616 277 1695 illi,
313 1637 369 1681 eur
390 1616 544 1697 Arietem,
581 1634 650 1678 eum
672 1613 704 1678 in
724 1611 852 1697 sphaera
875 1611 951 1677 nihil
974 1612 1107 1696 primum
1134 1614 1273 1701 nihilque

103 1711 294 1802 postremum
315 1702 364 1777 sit,
382 1701 516 1786 primum
533 1707 638 1763 tamen
654 1697 713 1762 dici
731 1697 905 1776 maluerint,
924 1697 1133 1782 prodiderunt.
1175 1699 1274 1766 Aiunt

104 1788 270 1872 incipiente
290 1786 340 1851 die
361 1786 414 1850 illo
435 1787 489 1870 qui
510 1783 627 1869 primus
648 1785 786 1849 omnium
806 1783 893 1860 luxit,
911 1783 941 1848 id
961 1791 1008 1848 est
1027 1805 1090 1870 quo
1112 1783 1144 1850 in
1167 1784 1323 1870 huncum]

104 1874 256 1957 fulgorem
278 1871 396 1936 caelum
418 1879 451 1935 et
472 1871 624 1934 elementa
645 1877 773 1955 purgata
796 1876 883 1945 sunt,
920 1869 973 2017 pui
998 1868 1067 1936 ideo
1090 1871 1197 1936 mundi
1215 1891 1273 1937 ua·

105 1958 175 2024 talis
199 1958 266 2030 iure
288 1957 457 2033 vocitatur,
481 1954 620 2020 Arietem
640 1955 673 2020 in
694 1954 795 2021 medio
816 1952 901 2020 caelo
936 1954 1031 2034 uisse,
1060 1957 1184 2042 etquis
1208 1978 1272 2024 me·

104 2043 190 2109 dium
210 2043 330 2108 caelum
349 2041 436 2127 quasi
458 2039 565 2106 mundi
588 2049 694 2106 vertex
714 2047 771 2118 est,
790 2039 929 2106 Arietem
950 2049 1112 2126 propterea
1135 2043 1269 2128 primum

103 2130 186 2194 inter
206 2150 314 2196 omnes
334 2127 489 2204 habitum,
526 2125 581 2212 qui
602 2134 638 2193 ut
658 2127 766 2192 muudi
793 2134 886 2211 caput
907 2125 939 2190 in
966 2127 1094 2193 exordio
1116 2127 1192 2200 lucis
1212 2141 1270 2215 ap·

104 2214 216 2301 paruit
258 2212 452 2280 Suhneetunt
472 2211 565 2278 etiam
588 2233 794 2289 musam,cur
815 2211 891 2278 haec
911 2211 977 2296 ipsa
996 2211 1156 2278 driodeoim
1182 2214 1267 2298 signa
1283 2219 1326 2286 24
1378 2260 1381 2266 ·

105 2300 263 2385 adsignata
294 2299 357 2365 sint
387 2299 580 2366 diversorum
609 2299 772 2364 numinum
800 2297 955 2383 potestati.
1003 2299 1102 2364 Aiunt
1130 2297 1213 2364 enim
1241 2299 1274 2364 in

105 2386 163 2453 hac
184 2387 251 2472 ipsa
272 2385 413 2471 genitura
432 2384 541 2450 mundi
560 2383 682 2462 Ariete,
703 2391 740 2449 ut
761 2382 908 2460 diximus,
931 2382 1067 2448 medium
1088 2383 1207 2454 caelum
1229 2391 1274 2452 te·

902 2551 987 2612 [utu.
1006 2539 1209 2622 viouhgspdah.

106 2644 152 2691 20.
187 2639 242 2690 ium
262 2644 443 2690 consumamto
463 2635 494 2688 1².
522 2661 558 2676 -·
585 2636 638 2687 ium
656 2635 758 2686 diuisas
776 2651 829 2687 om.
853 2634 974 2697 (addin
994 2652 1050 2704 mg.
1074 2637 1129 2690 ium
1145 2640 1277 2702 diuersus)

109 2706 161 2756 Rl.
179 2732 213 2746 -
231 2705 484 2757 cousmvotiouilsua
501 2703 532 2754 F.
551 2731 581 2742 -
602 2703 671 2755 coeli
685 2711 776 2772 portes
794 2707 863 2761 [om.
883 2703 1032 2765 duodecim)
1049 2702 1124 2772 viug.

104 2777 152 2826 21.
190 2765 318 2838 Quinoo
336 2771 368 2823 B.
403 2769 915 2839 qoodtudd.⁸see.m.non]c.-
939 2773 1277 2834 seddiemtndd.aaec.

110 2859 148 2893 m.
163 2841 225 2908 per)
243 2839 274 2890 F.
291 2868 325 2880 -
342 2840 478 2891 uoluitur
493 2857 559 2908 pora
577 2838 624 2891 Sv.
639 2867 672 2877 -
690 2855 792 2904 oeque
809 2839 908 2890 uicibus
926 2838 1065 2907 Sv-gulo
1085 2841 1156 2911 (ohg
1171 2843 1200 2894 in
1217 2860 1276 2912 mg.

109 2908 527 3042 ll““?tarl‘ll{‚ll⁰lliid‘r
540 2905 1153 3044 ’Ptltt'ttttt'ttttll‘ttitte
1191 2993 1279 3029 mem.

109 3046 235 3096 branae“
252 3043 338 3094 Gron.
385 3043 483 3094 circum
501 3044 588 3110 ipsum
604 3044 785 3112 signatorum
802 3042 835 3094 l).
883 3043 979 3094 circum
996 3045 1081 3112 ipsum
1100 3016 1279 3114 (om.’higuo·

108 3117 182 3173 mm)
200 3111 270 3161 Edd.
287 3139 322 3148 -
335 3119 479 3163 uocarunt
497 3110 580 3178 eahg.
731 3113 774 3161 23.
811 3111 889 3162 Hunc
902 3112 947 3162 illi
957 3119 1044 3164 autem
1058 3115 1187 3165 rationem
1203 3115 1279 3165 idem

109 3181 162 3232 m.
197 3179 266 3230 hunc
282 3186 339 3230 out.
354 3187 406 3230 rut.
424 3178 467 3230 illi
484 3179 557 3230 idem
575 3178 627 3228 Ru
644 3203 679 3214 -
695 3194 743 3228 cur
818 3179 887 3230 nihil
902 3194 956 3230 om.
975 3178 1005 3230 Ο.
1025 3207 1051 3218 -
1072 3182 1180 3249 nilque
1197 3181 1228 3232 F.
1244 3211 1272 3219 —

108 3249 265 3316 posterius
282 3247 316 3298 eit
330 3247 381 3297 112.
399 3273 428 3284 -
447 3247 612 3298 maluerunt
626 3245 695 3295 mu.
712 3273 747 3284 -
764 3248 848 3298 Aiunt
865 3247 947 3299 enim
964 3247 1091 3299 BSPTn.
1112 3277 1139 3287 -
1158 3251 1215 3302 iure
1231 3267 1279 3300 uo·

111 3323 196 3368 autur
217 3314 241 3364 0
259 3313 286 3374 (l
304 3330 321 3364 a
339 3331 395 3365 sec.
412 3319 473 3373 sm).
523 3314 620 3365 dieitur
643 3318 712 3372 (ous-
730 3315 802 3375 a‘ure)
827 3313 878 3365 Rs.
906 3341 940 3352 -
972 3317 1073 3367 caelum
1090 3319 1204 3368 medium
1227 3317 1278 3367 uu.

110 3384 197 3434 medio
213 3383 271 3434 celi
290 3381 341 3432 m.
362 3408 398 3421 ·-
417 3381 524 3434 eaordio
541 3387 608 3442 (om.
624 3380 668 3440 in)
686 3395 751 3449 vag.
903 3385 945 3432 24.
981 3399 1086 3434 eausam
1105 3385 1168 3434 add.
1187 3399 1203 3436 a
1220 3401 1277 3434 sec.

111 3467 147 3501 m.
164 3452 215 3502 Rl.
241 3477 276 3488 -
301 3451 396 3501 mundi
413 3451 541 3520 genituro
556 3446 587 3498 F.
615 3475 648 3487 -
671 3457 781 3500 notura
798 3449 892 3500 muudi
908 3454 984 3515 (sup.
1003 3452 1144 3519 genitura)
1165 3453 1216 3505 Rs.
1244 3477 1279 3492 -·

111 3525 142 3571 ut
157 3519 318 3571 docuimus
333 3533 395 3586 ng.
417 3543 448 3560 -
469 3517 585 3569 medium
601 3516 674 3570 coeli
690 3516 831 3569 Puluis.
870 3519 994 3569 medium
1009 3526 1137 3586 portem
1155 3521 1228 3574 caeti
1243 3517 1277 3570 ll.

144 3689 188 3738 20.
221 3686 272 3738 silli
288 3722 314 3738 ..
332 3684 495 3753 annotando]
511 3684 591 3738 Haec
608 3684 671 3738 lun·
720 3689 787 3740 cunt
819 3685 922 3740 Graeci
951 3703 999 3754 pro
1029 3681 1189 3758 βούλεσθαι.
1235 3690 1279 3745 01.

111 3755 301 3824 gendaount,
331 3754 466 3822 utpaulo
487 3755 671 3809 infruniti..
721 3754 794 3821 523.
813 3756 867 3806 dici
887 3755 1081 3822 maluerint,
1116 3759 1157 3826 ll,
1179 3765 1210 3823 5,
1235 3763 1278 3811 23.

112 3830 264 3876 annotatus.
713 3823 785 3890 fidei
801 3824 907 3876 obviare
923 3825 1057 3878 mauult.

145 3894 189 3942 21.
221 3889 332 3958 putidus
368 3905 456 3957 apuu«
484 3887 594 3956 uicino]
629 3887 672 3944 Gi.
754 3893 796 3942 23.
833 3891 926 3960 Aiunt]
948 3893 1093 3944 Particule
1109 3894 1191 3957 enim,
1209 3907 1280 3958 quae

112 3957 127 4024 ᾗ
149 3961 193 4010 20.
210 3965 299 4025 utque
320 3958 360 4009 itu
381 3957 497 4010 uicissim
524 3974 590 4009 cusu
612 3974 672 4010 ιιιιι-
721 3956 750 4008 in
774 3957 938 4024 quibusdam
967 3961 1046 4012 codd.
1072 3977 1138 4012 mss.
1163 3959 1281 4028 legitur,

110 4026 196 4079 tundo
210 4030 264 4077 otc.
297 4023 358 4080 Non
373 4040 390 4078 ιι
408 4025 512 4078 militie
527 4027 612 4078 ducta
629 4029 674 4078 est
721 4032 753 4078 nt
769 4025 895 4092 videtur,
914 4044 947 4080 ex
966 4029 980 4095 t
997 4031 1039 4078 ut.
1058 4028 1113 4080 hue
1131 4030 1279 4093 translata,

110 4095 184 4147 haec
202 4092 305 4158 dictio,
321 4097 353 4144 ut
370 4095 431 4146 vult
449 4093 605 4156 Fontanus,
622 4094 672 4146 sed
720 4093 815 4146 minua
836 4095 965 4147 convenit
983 4096 1162 4149 antecedenti
1179 4110 1281 4164 prono-

111 4169 190 4216 recto
202 4162 407 4228 quoddammodo
420 4161 593 4228 cpmpurevit
603 4162 673 4214 Pru·
720 4161 792 4214 mini
810 4163 1039 4217 demonstrativo.

113 4236 185 4295 pert.
204 4231 265 4294 111,
281 4232 328 4293 21,
351 4233 393 4282 12.
413 4230 604 4297 Remorumque
618 4247 671 4298 pu-
702 4274 706 4282 .
756 4231 849 4288 mundi
870 4232 983 4298 natulis]
1010 4231 1071 4296 „De
1090 4235 1149 4283 tota
1172 4230 1228 4283 hue
1249 4247 1281 4285 re

114 4313 156 4347 m
173 4298 259 4350 ducito
276 4305 346 4351 sorte
364 4298 442 4350 ciem.
720 4295 858 4350 videndus
883 4299 998 4350 uberius
1023 4298 1113 4350 lulius
1140 4298 1282 4353 Firmium

147 4366 190 4416 22.
229 4366 312 4435 signo
348 4366 480 4433 meltune·
509 4364 671 4448 maluerunt]
721 4365 771 4416 lib.
791 4365 844 4428 lll,
864 4379 923 4434 cup,
945 4370 978 4430 1.,
1001 4365 1049 4417 uhi
1067 4367 1200 4420 mundam
1219 4367 1282 4420 tho·

114 4445 156 4482 ae.
177 4432 345 4552 quamdiu
371 4432 594 4554 uliohnomine&
612 4432 673 4554 :aior
722 4431 975 4555 irruatisAoucbtorest
989 4441 1128 4502 ponuntur
1140 4437 1282 4559 iAesculu-

114 4512 249 4638 32:¹2¹:
260 4509 673 4638 &dalmatii
720 4515 809 4624 tlt
826 4517 980 4640 didit?
993 4511 1138 4627 efflat
1163 4506 1282 4614 ''⁰9¹''
