2950 4992
231 130 295 199 218
615 130 787 199 INCERTI
806 129 1016 199 AUCTORIS

231 315 354 366 sequare
371 300 491 365 spatium
510 304 582 364 qnod
600 302 714 353 intersit
735 302 810 353 inter
833 303 920 352 sotem
939 305 968 353 et
985 307 1103 354 terram:
1137 303 1163 353 st
1180 316 1250 367 ergo
1271 309 1352 355 terra
1376 306 1405 356 in

230 391 330 439 centro
347 400 414 437 esse
435 386 550 449 ponitur
571 386 672 438 circuti
692 386 780 453 solis,
811 388 923 438 umbrae
946 386 1008 437 eius
1031 400 1190 438 mucronem
1214 402 1336 439 necesse
1358 392 1405 440 cet

229 477 348 536 tangere
366 471 500 523 circutum
519 471 601 522 sotis.
634 472 761 521 sedeur
781 474 876 521 terrae
894 472 1014 521 umbram
1038 475 1146 521 statuat
1168 486 1291 535 aequare
1317 486 1404 523 sexa-

230 556 294 621 gies
312 555 521 619 multiplicatam
540 554 741 619 longitudinem
759 554 885 605 diametri
909 560 1019 620 terrae,
1053 568 1088 606 ne
1107 557 1149 606 sic
1170 557 1279 619 uiridem
1303 557 1402 622 liquet.

229 641 319 691 Atiam
339 640 411 690 viam
432 640 598 690 monstravit
615 640 742 689 incertas
761 644 861 688 attctor
879 639 1007 701 excerpti
1024 641 1208 691 mathematici
1227 642 1299 704 qtrod
1317 654 1403 703 prac-

228 724 329 776 tationi
339 724 472 775 editionis
483 738 552 775 suae
564 725 686 774 subiecit
696 725 764 773 lac.
776 724 983 774 Gronovius.
1011 723 1039 773 is
1051 724 1121 774 enim
1132 726 1228 776 retulit
1239 726 1402 789 Aegyptios

228 814 330 860 terram
348 808 436 871 primo
453 822 520 860 esse
536 809 694 870 dimensos,
722 806 822 859 deinde
840 806 911 858 soiis
927 808 1117 875 altitudinem,
1144 809 1229 859 etita
1246 824 1297 859 cos
1316 823 1402 873 repe-

228 893 303 944 risse
325 894 540 958 magnitudinem
564 893 690 943 diametri
712 892 814 943 circuit
836 891 940 943 solaris
958 898 987 941 et
1009 892 1099 953 ipsius
1121 893 1237 959 circuii3
1273 894 1400 945 adhibito

227 986 284 1029 tum
301 990 372 1029 vase
388 977 578 1040 horoscopica
597 977 812 1043 magnitudinem
831 976 957 1027 diametri
980 978 1052 1029 coiis
1074 978 1219 1040 ipsiusque
1241 978 1313 1029 solis
1333 979 1399 1029 inde

227 1062 353 1125 eruisse,
387 1061 506 1125 denique
528 1062 662 1112 dimensis
683 1060 827 1112 diametris
851 1066 944 1111 terrae
968 1064 996 1111 et
1018 1060 1090 1111 sciis
1115 1068 1144 1111 et
1166 1062 1267 1113 circuti
1289 1064 1398 1113 solaris

226 1146 391 1209 pervenisse
414 1147 449 1196 ad
472 1146 671 1199 aestimandam
694 1147 807 1199 cumbrae
831 1150 962 1199 terrenae
983 1146 1206 1213 magnitudinem.
1246 1148 1314 1209 ipsa
1337 1161 1398 1197 tim-

226 1234 293 1282 brae
311 1234 441 1281 terrenae
458 1231 594 1281 dimensio
609 1229 773 1293 requiritur.

293 1315 336 1365 1111
356 1324 491 1378 excerpto
509 1315 551 1375 (1)
569 1316 731 1366 Gronovius
752 1315 806 1363 duo
824 1312 881 1363 siia
898 1314 1033 1364 adiunxit.
1072 1314 1220 1365 Praemisit
1237 1328 1336 1379 ιιιιιιι,
1367 1316 1396 1367 in

226 1412 281 1462 quo
304 1412 398 1451 sermo
420 1405 467 1450 est
489 1400 523 1450 de
547 1399 704 1451 nominibus
729 1398 828 1465 quibus
855 1398 1040 1463 designentur
1061 1398 1151 1449 tineae
1175 1401 1274 1463 quibus
1292 1402 1396 1465 planae

225 1480 333 1549 figurae
350 1484 583 1551 determinentur,
616 1497 633 1535 e
652 1496 706 1549 quc
724 1483 828 1547 protuli
851 1484 937 1535 verba
952 1482 1019 1533 iiiuc
1042 1482 1256 1543 pertinentiam
1275 1486 1398 1535 adnota-

225 1570 302 1621 tione
320 1570 355 1619 ad
373 1569 477 1621 comm.
496 1569 531 1632 11,
548 1571 575 1634 5,
591 1569 648 1630 254
668 1567 788 1633 reliqua,
806 1571 837 1621 ut
855 1581 927 1630 utrae
946 1580 1002 1617 non
1022 1568 1149 1619 iacerent
1168 1570 1202 1620 ad
1220 1570 1394 1621 macrobium
1469 1602 1470 1607 κ

223 1654 472 1720 interpretandum,
494 1653 591 1717 omisi3
625 1652 748 1704 subiecit
764 1654 883 1705 alterum
902 1653 957 1712 (11)
975 1652 1015 1701 1111
1034 1652 1132 1703 simite.
1173 1654 1204 1705 iu
1222 1655 1330 1705 duobus
1349 1655 1394 1705 his

223 1750 306 1800 quum
322 1740 436 1789 eaedem
453 1750 512 1800 res,
529 1750 601 1802 qaae
618 1751 637 1789 a
653 1738 799 1789 Macrobio
817 1736 844 1787 in
862 1736 1126 1789 Commentariorum
1143 1738 1190 1787 lib.
1208 1738 1221 1786 1
1238 1738 1331 1799 capite
1347 1741 1393 1789 20.

222 1824 396 1886 mactamur,
421 1822 585 1875 accuratius
599 1822 793 1887 explicentur,
822 1827 850 1873 et
869 1834 940 1885 quiae
958 1821 1006 1873 ille
1025 1821 1178 1873 summatim
1194 1823 1289 1889 attigit
1307 1823 1395 1873 iustis

222 1905 346 1955 numeris
363 1910 568 1972 computentur,
581 1906 626 1956 nic
643 1906 743 1969 paucis
758 1906 832 1959 iocis
850 1907 996 1959 emendata
1010 1918 1045 1959 ea
1061 1908 1189 1969 ponenda
1204 1919 1271 1959 esse
1286 1908 1394 1971 putavi.

555 2482 762 2551 INCERTI
792 2480 1044 2553 AUCTORIS

294 2621 677 2740 arcanorum
711 2652 1233 2743 marnamarrcnnr
1267 2654 1309 2741 1.

185 2940 195 2985 l
286 2937 415 3003 Deinceps
435 2938 472 2987 ad
489 2939 687 2991 cosmimetriam
704 2880 912 3005 permanendam
930 2941 1109 3008 accingamur.
1146 2940 1273 2993 Mensura
1290 2944 1388 2995 maadi

213 3040 231 3073 a
249 3031 336 3075 ceatrc
351 3023 437 3073 medio
453 3021 580 3073 iaciscaas
594 3023 623 3072 ic
641 3024 776 3075 diametris
792 3032 818 3075 et
834 3024 1051 3089 circumferentiis
1069 3024 1189 3076 caelestis
1211 3025 1343 3091 sphaerae
1361 3036 1387 3082 ct

212 3108 259 3156 retr
277 3108 387 3158 istorum
404 3106 559 3158 circatorum
578 3107 691 3157 cmaiaar
709 3108 878 3174 proportione
898 3115 1059 3161 cacmsceatc
1081 3108 1220 3171 discurrit,
1253 3117 1278 3163 et
1295 3112 1325 3163 ia
1342 3112 1387 3163 iiic
1469 3166 1470 3189 ἢ

212 3190 344 3252 omaidcs,
362 3191 481 3255 quoted
499 3190 564 3241 iaso
578 3192 691 3257 probata
707 3200 892 3255 coacervatur,
910 3192 1113 3259 speculationem
1130 3200 1230 3245 crcrcet
1248 3202 1332 3247 emtor
1347 3197 1386 3247 ii·
1469 3230 1470 3247 ι

210 3275 286 3326 mites
300 3274 428 3342 principii
443 3283 469 3325 et
479 3275 548 3341 fiais
565 3276 683 3326 omuibus
699 3276 844 3344 amigaaas
860 3285 884 3329 et
900 3277 1098 3339 intervallorum
1117 3278 1206 3343 spotia
1229 3288 1385 3333 cunctorum

211 3361 239 3410 ia
263 3368 334 3413 certa
354 3361 522 3427 proportione
543 3368 568 3412 et
589 3361 740 3427 quaeritate
759 3362 926 3413 soaatitucas.
971 3362 1051 3413 Cuius
1073 3362 1275 3429 speculationem
1296 3382 1346 3417 aoe
1366 3384 1385 3417 a

211 3452 297 3497 emma
315 3446 401 3495 medio
418 3446 571 3497 inchoantes
588 3446 625 3496 ad
643 3446 773 3512 reliquum
794 3446 913 3496 ordinere
927 3444 1142 3513 progrediamur.

176 3531 194 3577 2
282 3528 365 3577 ‘ferra
386 3529 473 3598 igitar
492 3530 521 3580 ia
541 3529 589 3581 hoe
609 3531 702 3581 macrii
722 3529 827 3581 statilia
846 3530 927 3597 globo
948 3530 1033 3581 medio
1056 3531 1198 3585 constituta
1222 3532 1278 3583 ioco
1299 3532 1384 3587 vicem

244 3787 266 3834 1.
305 3782 431 3849 Deinceps
447 3784 512 3849 etc]
530 3784 591 3834 Hoc
605 3790 766 3851 excerptam
815 3785 887 3839 riam
912 3786 1043 3849 eandam,
1079 3803 1151 3852 quse
1174 3792 1218 3839 cst
1240 3786 1382 3843 Macrobii

207 3852 366 3904 Gronovius
392 3853 569 3920 desumptum
592 3870 655 3904 esse
679 3854 766 3906 adno-
815 3854 863 3907 tio.
887 3856 917 3917 1,
942 3871 1002 3921 cap.
1026 3858 1086 3920 111,
1119 3856 1190 3923 quod
1217 3860 1245 3905 ct
1268 3855 1380 3921 legisse

207 3922 309 3975 tavite
329 3921 493 3983 Geometria
505 3920 640 3985 anonymi
658 3921 764 3989 scriptu
815 3940 877 3975 eum
910 3940 955 3975 res
988 3940 1021 3975 ac
1050 3924 1136 3977 verbu
1168 3920 1380 3988 demonstratum

206 3996 300 4043 vetere
324 4006 406 4041 mena
429 3989 478 4055 „in
501 3990 762 4056 membranaceum
814 3990 872 4045 1ιιιιι
896 3991 962 4057 quia
984 3991 1120 4043 Macrobii
1151 4006 1212 4041 rara
1236 3998 1279 4041 est
1301 3996 1378 4060 apud

206 4056 363 4123 possideret
384 4056 474 4127 ipsius
499 4059 607 4125 pater.“
642 4058 763 4107 Deinde:
812 4058 945 4127 vulgatos
963 4059 1274 4111 auctoresmernoriu.“

204 4128 338 4190 „ductam
355 4126 455 4193 inquit,
472 4126 586 4193 saepius
603 4131 633 4177 et
648 4125 762 4177 Boethii
847 4128 1029 4195 condecenter]
1052 4127 1156 4191 „Forte
1174 4131 1379 4189 coartarentur-‘⁸

204 4199 233 4243 st
250 4194 398 4261 Augustini
419 4197 590 4249 mentionem
613 4194 698 4259 tacit,
734 4202 764 4247 at
813 4195 906 4249 [inca.

202 4260 269 4325 quia
286 4262 372 4317 etiam
389 4266 488 4329 huius,
512 4264 557 4316 cui
576 4262 763 4317 cummaxime
802 4264 806 4273 '
846 4268 871 4315 2.
897 4264 1000 4319 scaritis
1026 4262 1377 4329 Videturlegendumesse

203 4328 387 4394 attendimus,
420 4332 556 4387 Macrobii
582 4348 635 4383 non
663 4332 761 4395 semei,
811 4332 948 4383 sensibilia.
1022 4348 1065 4383 orn
1097 4330 1190 4385 reaciic
1218 4330 1291 4397 apud
1316 4330 1375 4382 hn-

203 4408 258 4441 non
277 4412 321 4445 me
339 4402 433 4461 teneo,
464 4400 529 4467 quin
548 4399 655 4464 aliquid
676 4416 708 4449 ex
727 4406 765 4449 eo'
812 4404 879 4447 eret.
904 4398 944 4464 11,
967 4402 1025 4450 8113.
1049 4398 1139 4450 estid
1164 4398 1236 4464 quud
1261 4400 1376 4465 praetii-

203 4471 349 4523 sxeerpem
372 4471 400 4514 et
425 4466 480 4516 hae
507 4465 656 4517 occasione
682 4466 761 4521 erni·¹
811 4471 869 4515 tum
890 4472 934 4516 est
950 4484 1044 4518 sensis.
1092 4484 1095 4492 ·
1312 4476 1315 4481 '

203 4532 292 4612 etms,
303 4530 454 4595 praecipe·
463 4531 535 4597 quio
552 4538 656 4585 tracus
671 4538 761 4585 nam
781 4568 785 4576 -
844 4535 997 4601 socruum]
1008 4534 1264 4601 ‚clamaturum
1278 4533 1376 4592 Gaea.
1416 4578 1420 4585 .
