2950 4992
169 139 209 184 aa
610 111 943 184 Pnoilltloldhlln.

170 289 261 354 specil
278 292 307 341 st
324 289 442 342 sedull.“
476 287 641 342 Nicolaus
659 288 829 353 Angelius
842 287 872 339 in
890 286 1014 351 epistola
1031 288 1066 340 ad
1084 286 1216 340 iosnnem
1232 287 1402 342 sarlatum

171 389 249 440 quan
279 375 424 439 praemisit
450 375 566 426 editioni
594 376 722 426 luntinae
755 372 825 425 dicit
854 371 1085 438 „pulcherrimam
1114 386 1150 425 ac
1178 373 1400 436 disciplinas-uns

170 462 288 514 omnium
317 462 450 512 refertam
474 460 694 512 samrnaliorum
717 458 857 510 Macrobii
879 457 1061 510 lectionem“.
1103 461 1260 510 llonatns
1282 461 1402 510 vero-

169 547 287 598 nensis
306 547 335 599 ln
353 546 475 609 epistola
493 557 572 610 quam
595 545 741 609 praemisit
760 544 877 595 editioni
894 544 1011 595 Aldinae
1033 542 1077 593 bis
1096 545 1191 594 verbis
1209 557 1270 595 eum
1288 547 1394 596 deien-

170 631 225 682 dit:
253 633 339 699 „ldeo
360 636 450 682 autem
468 631 532 682 huie
551 643 655 694 operae
671 635 789 682 nostrae
805 630 963 692 patrocinio
982 635 1031 679 tuo
1051 641 1122 690 opus
1141 634 1199 694 est,
1229 630 1302 692 quod
1321 638 1396 680 snat

171 717 269 780 quihus
287 717 469 769 hiacroblena
486 718 556 766 haec
572 728 629 767 non
646 714 830 777 nndncnnqno
848 713 1087 777 operaepretium
1104 715 1254 765 absolvere
1270 715 1393 772 udean-

170 805 228 866 tur,
255 803 354 866 quippe
373 815 444 866 quae
466 802 512 853 rel
534 802 568 851 de
585 800 707 864 Virgilio
726 804 825 851 nostro
845 813 900 851 non
916 799 1028 850 omnino
1048 811 1141 849 aarum
1160 801 1295 862 quoddam
1314 801 1393 852 iudi-

170 888 242 940 cium
260 888 437 952 contineant,
470 899 505 938 ac
523 886 617 948 potius
640 889 669 934 et
686 884 823 936 audacter
836 890 866 936 et
884 890 988 936 temere
1005 885 1169 948 conscripta
1185 899 1253 936 asse
1272 885 1391 937 videam

169 979 223 1026 tnr.
258 975 320 1038 Ego
342 983 412 1024 vero
430 971 602 1023 Macroblum
625 970 695 1021 tanti
715 972 845 1022 momenti
869 982 936 1022 esse
956 975 1024 1033 puto
1046 971 1080 1020 ed
1098 970 1245 1034 Virgilium
1268 971 1391 1022 cicaro·

169 1071 285 1121 nemque
302 1057 517 1121 intelligendos,
536 1059 568 1108 nt
588 1057 670 1119 plane
686 1052 826 1108 affirmare
844 1069 901 1108 non
916 1055 1036 1106 dubitem
1053 1057 1118 1118 plus
1135 1067 1216 1106 unum
1234 1057 1307 1106 bunc
1325 1058 1390 1107 ool·

169 1145 288 1195 laturum
307 1154 374 1192 esse
391 1155 469 1205 quam
486 1153 582 1192 omncs
601 1141 719 1192 omnium
737 1142 980 1206 grammaticorum
997 1141 1227 1204 commentarios,
1245 1143 1388 1206 multoque

170 1228 254 1279 etlam
271 1229 334 1290 plus
351 1227 597 1291 quampraecipue
615 1227 752 1292 virgilius
770 1227 831 1290 ipae
849 1227 913 1292 sthi,
929 1226 1053 1289 quamvis
1072 1226 1223 1290 diiigenter
1240 1227 1333 1277 lectus
1352 1240 1387 1278 ac

169 1315 310 1378 relectus,
336 1316 483 1375 praestare
502 1317 595 1377 queat.
628 1315 664 1364 llt
680 1325 743 1363 curn
763 1318 888 1363 veterum
911 1316 1056 1374 poetaram
1072 1312 1175 1361 nullum
1193 1311 1282 1362 nusae
1301 1326 1387 1375 appa-

169 1402 233 1452 reat
252 1411 330 1462 quem
353 1411 409 1450 non
433 1399 483 1450 ille
504 1403 534 1450 et
556 1397 670 1448 assiduo
692 1398 796 1463 legerit
817 1401 847 1448 et
863 1397 996 1448 memoria
1013 1398 1239 1459 comprehensum
1256 1399 1386 1450 tenuerit.

169 1487 226 1538 Pet
244 1487 393 1549 praeterea
414 1487 546 1548 tantaque
565 1483 741 1548 Virgilianae
760 1495 884 1546 poeseos
906 1481 1071 1534 mirabiliter
1094 1494 1203 1534 arcana
1222 1484 1386 1551 prodiderit,

168 1583 222 1622 neo
241 1570 383 1635 quisquam
398 1583 517 1634 uuqrranr
534 1569 643 1633 pieriae
661 1564 732 1622 tanti
749 1573 852 1633 poetae
869 1570 969 1623 laudes
986 1567 1024 1617 sit
1040 1573 1221 1633 persecutos,
1251 1569 1385 1619 nerninem

168 1657 211 1708 illi
223 1657 278 1708 nisi
292 1656 413 1720 iniquum
429 1667 545 1718 prorsus
563 1667 599 1707 ac
617 1655 725 1706 tristem
745 1656 806 1707 iure
820 1656 948 1707 invidero
962 1652 1095 1714 dixerim,
1112 1654 1185 1716 quod
1203 1654 1287 1704 etiam
1305 1654 1385 1704 huius

168 1747 271 1806 poetae
286 1744 352 1792 loca
370 1741 503 1804 quaedam
522 1751 608 1788 ausus
627 1739 667 1790 sit
681 1752 823 1792 revocare
841 1742 877 1791 ad
895 1751 1051 1792 censuram.
1086 1739 1166 1798 Quod
1183 1743 1276 1790 tamen
1293 1739 1341 1788 ille
1356 1744 1386 1788 et

168 1828 199 1879 ln
220 1840 276 1877 una
297 1825 420 1876 Aeneide
445 1822 530 1885 iacit,
557 1835 636 1886 quam
659 1836 695 1874 ne
716 1825 771 1886 lpsl
792 1826 899 1889 quidem
921 1825 1015 1876 autori
1036 1825 1110 1876 omni
1134 1825 1216 1875 modo
1241 1825 1384 1886 probatam

169 1911 258 1962 luisse
282 1911 411 1972 constat,
439 1911 470 1958 nt
488 1907 517 1956 in
539 1908 592 1959 hoc
611 1910 775 1962 Macrobius
794 1915 896 1974 poetae
912 1909 1001 1973 ipatus
1022 1909 1154 1962 iudicium
1174 1911 1385 1960 commendasse

170 1997 313 2060 videaturq
330 1999 360 2046 et
376 1995 427 2044 sub
444 1993 563 2044 alterius
581 2008 713 2063 persona,
729 2000 762 2046 ut
777 1997 805 2049 in
823 1997 938 2061 dialogo
954 2008 1016 2046 moa
1031 1998 1086 2058 est,
1104 1999 1133 2045 et
1149 1995 1250 2045 Graeci
1264 1995 1384 2045 hominis

169 2091 307 2145 persona,
335 2091 415 2143 quam
438 2091 510 2129 sane
529 2079 612 2132 aliter
633 2082 711 2133 nullo
732 2085 815 2134 modo
839 2093 955 2134 servaro
983 2080 1136 2143 potuisset,
1167 2080 1221 2129 nisi
1245 2079 1287 2128 illi
1310 2092 1385 2142 quae

170 2168 307 2218 Graecum
328 2165 463 2215 homimem
486 2165 619 2230 deceant,
647 2167 807 2220 tribuisset:
837 2173 867 2220 et
891 2168 954 2231 ipso
976 2169 1042 2229 post
1063 2165 1222 2217 convivium
1246 2167 1382 2231 tempore,

169 2265 230 2304 oum
249 2253 295 2302 vel
314 2255 414 2302 contra
430 2251 603 2302 manifestam
621 2252 783 2321 veritatem,
800 2259 831 2305 ut
849 2256 939 2306 libere
955 2253 1079 2317 dicatur,
1095 2251 1217 2313 permitti
1234 2252 1325 2302 solet:
1342 2256 1383 2317 ut,

169 2339 195 2390 sl
212 2339 270 2390 ulla
286 2337 315 2388 in
332 2349 365 2388 re
382 2336 474 2401 magni
490 2335 586 2388 iudicii
605 2338 648 2389 rir
666 2338 705 2389 sit
721 2341 864 2392 habendus
882 2337 1058 2400 htacrobtns,
1083 2336 1111 2387 in
1130 2339 1183 2386 hac
1201 2350 1256 2387 non
1275 2337 1384 2388 sitnisi

169 2423 279 2476 maximi
301 2424 456 2475 habendus:
491 2427 575 2487 puto,
604 2424 650 2488 qul
670 2437 767 2476 omnes
784 2428 820 2477 ad
838 2438 920 2476 unum
939 2429 969 2475 et
985 2422 1111 2474 Platonis
1130 2427 1160 2472 et
1177 2423 1383 2474 Platonicorum

169 2510 299 2573 dialogos
317 2509 358 2560 ita
373 2523 428 2563 usu
442 2510 525 2562 tritos
543 2511 675 2577 habebat,
694 2512 734 2562 ita
749 2511 870 2575 legendo
888 2509 942 2561 sibi
957 2509 1110 2560 familiares
1127 2507 1278 2576 effecerat,
1295 2514 1325 2560 ut
1340 2510 1384 2560 ni-

169 2595 286 2646 hilerim
304 2594 448 2661 rideatur,
473 2597 546 2659 quod
570 2596 604 2646 ad
627 2597 719 2660 legem
747 2596 923 2660 dialogorum
951 2596 1108 2660 pertineat,
1135 2595 1226 2645 latera
1248 2596 1381 2658 potuisse.

170 2680 247 2740 Quas
265 2681 301 2729 ob
315 2691 363 2730 res
381 2693 436 2744 ego
456 2682 563 2744 quidem
581 2684 635 2731 tam
652 2681 704 2746 illi,
721 2686 754 2731 nt
771 2682 854 2732 etiam
869 2681 904 2730 de
923 2680 1043 2745 Virgilio
1061 2681 1090 2730 ta
1106 2680 1246 2742 aliquibus
1261 2682 1381 2732 iudicare

169 2765 301 2831 potuerit,
319 2766 525 2817 concedendum
543 2764 632 2816 luisse
647 2766 787 2831 arbitror,
811 2779 891 2829 quam
909 2766 981 2816 idem
998 2769 1045 2816 est
1062 2766 1123 2816 sine
1140 2766 1198 2817 ulla
1213 2767 1382 2820 dubitatione

169 2852 244 2904 inter
270 2863 338 2901 vere
365 2851 594 2914 philosophantes
619 2849 890 2903 connumerandus.“
934 2853 1013 2902 Addo
1033 2852 1234 2914 praelationem
1258 2860 1383 2906 notarum

169 2937 276 2988 lo.1s.
294 2935 456 2986 Pontanit
483 2936 611 3001 „liabes,
633 2937 820 3002 macrobium,
841 2937 949 3003 lector,
973 2941 1002 2987 et
1020 2938 1121 3003 habes,
1143 2941 1174 2986 ut
1190 2938 1263 3004 dixi,
1281 2953 1334 2990 non
1352 2946 1383 2991 ut

170 3026 254 3074 antea
271 3013 427 3072 truncatum
445 3022 475 3068 et
492 3021 627 3085 lacerum,
644 3021 694 3071 sed
711 3033 763 3070 sua
780 3027 809 3072 et
820 3022 911 3073 veteri
925 3023 1024 3073 torma.
1059 3024 1202 3073 hieruerat
1218 3027 1293 3073 carte
1310 3025 1382 3074 hanc

170 3120 284 3172 operam
298 3104 476 3168 ltiacrobins,
491 3117 547 3167 quo
565 3105 662 3156 nescio
678 3118 713 3157 an
733 3107 815 3158 hodie
831 3108 998 3158 cumulatior
1012 3106 1041 3158 in
1059 3108 1144 3159 ilatio
1155 3108 1235 3158 ⁴allus
1253 3107 1381 3172 omnige-

169 3207 222 3244 nae
240 3191 379 3242 scientiae
397 3189 487 3251 splco.
522 3188 591 3250 Quis
615 3190 665 3242 illo
682 3192 718 3241 ad
733 3191 915 3256 Pythagorae
932 3192 1114 3256 Platonisque
1135 3193 1229 3243 divina
1247 3195 1383 3255 mysteria

169 3280 216 3330 rel
238 3279 339 3328 ductor
363 3275 463 3326 melior
486 3277 536 3326 aut
557 3269 677 3328 doctori
710 3278 781 3337 Quis
802 3278 831 3327 in
853 3278 960 3329 orbium
983 3279 1146 3331 caelestium
1163 3279 1273 3329 ratione
1288 3283 1317 3328 et
1333 3293 1383 3342 po-

169 3364 235 3429 situ,
254 3363 318 3427 quis
336 3362 364 3415 ln
381 3373 479 3414 eorum
498 3374 534 3412 ex
547 3361 634 3414 Samii
650 3363 757 3426 placito
776 3364 962 3415 concentione
978 3366 1122 3426 prodenda
1135 3357 1299 3415 sublimiori
1325 3368 1384 3414 lin-

169 3449 306 3513 tiquitatls
323 3461 392 3498 sero
415 3447 443 3497 in
461 3460 496 3498 eo
514 3447 564 3498 ille
583 3450 691 3514 cultus,
722 3461 757 3499 ea
774 3462 920 3501 sacrorum
940 3451 1093 3516 rituumque
1107 3439 1262 3512 'enodatio‚
1287 3449 1336 3500 illa
1354 3451 1382 3500 in

169 3539 293 3585 veterum
312 3533 513 3584 obiectionibus
531 3532 690 3594 aperiendis
706 3534 781 3584 locis
797 3535 959 3600 acclinatio,
983 3537 1152 3598 cadentque
1171 3535 1200 3584 in
1218 3535 1289 3597 ipsis
1304 3541 1384 3586 natu·
1463 3524 1464 3527 ¹

168 3631 218 3669 rae
240 3617 417 3668 lascivientis
439 3618 597 3682 miraculis,
623 3619 743 3680 allisque
764 3620 875 3669 humani
890 3620 998 3684 ingenii
1015 3621 1161 3672 deliciosis
1178 3620 1301 3670 inventis
1317 3621 1383 3670 emi-

169 3701 276 3766 nentia,
294 3705 325 3750 ut
335 3702 431 3751 laudis
447 3702 501 3752 iam
518 3703 565 3754 diu
579 3703 689 3753 delatae
708 3703 803 3754 vitium
818 3705 857 3755 sit
875 3707 944 3756 talia
958 3708 1034 3757 vello
1053 3704 1199 3756 laudare.⁴‘

237 3786 294 3836 Alii
317 3786 524 3839 consideratius
548 3789 582 3838 de
605 3799 640 3839 eo
665 3788 869 3840 iudicaverunt.
908 3792 1000 3854 ipsum
1024 3791 1257 3857 Phomasium,
1285 3791 1330 3855 qui
1353 3791 1383 3841 in

167 3871 368 3936 plagiariorum
386 3885 501 3924 numero
521 3885 583 3934 eum
598 3873 713 3938 reserat,
732 3887 798 3927 esse
817 3876 878 3926 eius
898 3881 1043 3938 patronum
1058 3878 1176 3928 vidimus
1193 3889 1293 3938 supra:
1314 3889 1385 3938 qun·

168 3970 230 4008 cum
250 3957 393 4009 consentit
410 3959 433 4008 l.
450 3959 513 4009 Alb.
529 3959 733 4026 Fabricius,
761 3961 808 4024 qui
828 3961 970 4026 (biblioth.
987 3965 1051 4013 isat.
1069 3967 1134 4014 tom.
1151 3963 1201 4013 ill.
1219 3976 1245 4023 p.
1264 3961 1321 4010 ter.
1339 3963 1383 4010 ed.

168 4041 264 4107 llrn.):
293 4045 420 4111 „hiulta,
444 4044 547 4112 lnquit,
570 4045 598 4096 in
619 4046 662 4096 his
679 4045 759 4096 libris
780 4061 816 4098 ex
833 4049 925 4099 Gellio
943 4051 1094 4100 mutuatum
1112 4047 1285 4099 hiaorobinm
1303 4050 1332 4095 et
1348 4047 1385 4096 ll·

168 4130 244 4180 hrum
261 4129 406 4193 septimum
424 4132 483 4182 iere
504 4130 643 4196 integrum
661 4143 696 4180 ex
713 4132 863 4184 Plutarcho
882 4134 1032 4196 repetiisse
1051 4135 1234 4185 observatum
1245 4136 1306 4196 est,
1332 4134 1384 4182 sed

166 4219 316 4278 propterea
334 4215 481 4281 plagiariis
499 4218 732 4268 annumerandum
753 4229 819 4268 esse
837 4231 893 4269 non
910 4219 996 4269 iacilc
1019 4219 1135 4270 dixerim
1142 4216 1172 4283 ,“
1200 4223 1230 4269 et
1251 4217 1386 4269 ltiorho-

167 4299 237 4350 iius
255 4299 407 4364 (Polyhlst.
425 4303 501 4353 liter.
522 4305 543 4353 l.
563 4303 611 4354 lv.
636 4315 662 4353 o.
681 4302 722 4352 tt.
743 4317 772 4353 n.
789 4302 847 4369 to.)
870 4308 899 4355 et
917 4305 1069 4355 §tollius
1087 4305 1254 4368 (introduct
1273 4303 1303 4354 in
1320 4303 1385 4355 hist.

167 4383 209 4435 lit.
228 4385 372 4447 prooemio
397 4389 431 4437 de
454 4387 574 4439 historia
591 4387 666 4438 liter.
684 4389 840 4451 generatim
857 4394 988 4451 spectata
1008 4389 1081 4455 §bt
1095 4404 1122 4442 n.
1142 4389 1197 4454 2.),
1228 4402 1299 4453 quos
1315 4388 1386 4440 citat

166 4467 191 4518 1.
202 4469 420 4522 N.llunnoius
437 4471 494 4536 (lte
511 4474 615 4535 vegeta
626 4472 746 4525 listinae
758 4472 874 4537 linguae
889 4478 1036 4526 senectute
1044 4475 1230 4527 'commentam
1245 4472 1258 4538 t
1272 4473 1384 4540 lilim),

168 4551 218 4604 llis
240 4552 438 4606 adnumerandi
460 4558 527 4607 sunt
548 4567 585 4608 ex
606 4556 643 4608 iis
666 4569 738 4620 quos
760 4570 849 4622 supra
869 4560 1085 4614 memoravimus
1104 4561 1228 4612 Prone.
1245 4559 1384 4612 hlodius
