2950 4992
216 138 274 204 DE
296 136 404 204 ulra.
426 136 479 201 ET
502 133 591 203 SOG.
612 135 769 204 GRAECI
790 136 922 217 LAT.Q.
943 138 1078 207 VERBI.
1121 142 1172 210 Vl.
1215 143 1277 209 241

111 306 211 373 cunda
238 304 379 391 originis,
416 311 453 371 ut
479 310 596 371 -to-.·
637 304 729 370 tertia
761 304 877 384 finalis,
913 313 951 372 ut
982 331 1063 373 -κα
1121 309 1278 398 Quicquid

111 393 207 478 igitur
227 391 295 479 plus
318 389 411 454 luerit
431 390 469 454 ad
490 389 622 455 mediam
645 388 807 487 syllabam,
830 410 910 475 quac
930 391 1054 489 quidem
1075 394 1202 480 originis
1222 404 1279 472 est,

111 478 258 543 relertur:
281 474 445 540 declinatio
467 496 540 541 vero
562 483 594 540 et
616 475 685 539 finis
709 474 844 560 singulas
866 476 1037 560 possident,
1060 487 1096 544 ut
1116 488 1164 545 est
1183 481 1279 566 πεφί-

112 566 211 646 ληκα,
243 580 311 625 τε·
337 559 563 636 declinationis,
604 562 747 644 -φιλη-
775 560 917 645 originis,
950 584 1025 625 -κα
1053 562 1130 628 finis.
1194 566 1279 650 Ergo
1307 572 1329 641 8

111 646 359 732 παρακείμενος,
395 644 493 710 idest
536 643 698 721 orientum,
733 643 836 710 minus
855 644 1012 731 trisyllaho
1039 668 1103 712 non
1122 647 1279 715 invonitur

113 741 241 819 excepto
271 726 363 809 οἶδα,
400 730 483 815 quod
511 667 707 814 dissyllabum
729 738 778 795 est
798 738 830 795 et
850 731 1112 815 παρακείμενος.
1137 733 1202 800 Νθθ
1222 734 1279 797 mi·

112 838 197 895 rum,
225 837 295 881 cum
318 814 377 879 hoc
397 815 525 881 verbum
548 815 580 879 in
602 815 706 880 multis
728 816 852 901 regulae
874 815 1005 882 resistat
1046 817 1174 885 Nullum
1194 838 1279 883 nam·
1307 826 1330 890 9
1373 887 1375 898 ,

113 924 173 989 que
194 900 362 989 perlectum
384 898 442 965 hoc
463 908 591 986 excepto
610 900 648 964 ch
671 902 725 964 01
739 899 931 986 diphthongo
949 900 1098 968 inchoare,
1114 903 1280 989 repperies

111 990 190 1053 ltem
213 1008 282 1052 cum
310 985 407 1071 prima
428 985 511 1051 verbi
534 984 646 1072 positio
667 987 723 1049 EI
743 985 935 1071 diphthongo
958 986 1096 1068 inchoat,
1135 988 1168 1053 in
1192 988 1279 1053 nullo

112 1081 252 1157 tempore
275 1077 421 1136 mutatur.
464 1069 565 1135 Huius
590 1070 675 1137 verbi
698 1070 801 1155 origo,
834 1070 866 1135 id
887 1078 935 1135 est
954 1072 1045 1152 etde,
1077 1072 1208 1139 mutavit
1228 1075 1285 1137 EI

111 1159 145 1223 in
176 1158 233 1220 01.
284 1154 436 1235 Quotiens
454 1154 632 1242 perlectum
665 1175 683 1219 a
712 1154 802 1239 longa
819 1154 945 1253 oritur,
984 1177 1108 1222 necesse
1135 1165 1183 1223 est
1210 1158 1279 1244 plus

4 1262 5 1271 ¹
113 1262 204 1328 quam
225 1241 395 1340 perlectum
421 1240 459 1305 ah
485 1240 592 1306 eadem
619 1259 742 1324 semper
766 1240 916 1324 incipere:
956 1239 1040 1327 quod
1066 1240 1125 1306 hoc
1149 1242 1280 1308 verbum

4 1432 5 1449 ¹
113 1406 189 1476 olda
211 1411 259 1476 sit.
302 1410 382 1475 Dein

4 1342 5 1381 ³
113 1327 261 1411 ⁰⁰ss¹⁰g¹t²
300 1346 371 1391 '¹⁸¹¹‘
385 1319 1280 1477 1“ἒ.19”“.11911111311111991191

113 1516 195 1561 mam
218 1496 361 1582 syllabam
385 1496 416 1561 iu
440 1491 531 1580 ἄλφα
556 1430 706 1560 Idilatando
727 1494 809 1559 idem
830 1502 953 1579 tempus
974 1494 1082 1574 efficit,
1118 1518 1280 1581 γεγραφη-

112 1579 179 1658 κῶς
205 1576 412 1667 γεγράφηκα,
448 1576 590 1656 λελυκὼς
614 1576 752 1645 λέλακας
792 1574 888 1655 εἰδὼς
908 1586 1011 1644 autem
1034 1601 1096 1645 non
1117 1579 1190 1645 lacit
1209 1575 1282 1645 eido

114 1668 168 1732 sed
190 1662 274 1731 olda.
317 1666 408 1731 Solus
430 1664 524 1750 igitur
545 1666 603 1730 iste
622 1664 856 1750 παρακείμενος
875 1663 957 1729 vitiis
978 1664 1122 1731 obsessus
1142 1686 1205 1730 non
1226 1686 1281 1731 no-

114 1751 204 1817 cebit.
258 1749 360 1817 Omne
382 1750 510 1817 verbum
533 1749 701 1827 Graecum,
741 1750 767 1814 si
792 1749 823 1813 in
845 1754 1000 1836 praesenti
1022 1771 1040 1816 a
1061 1750 1192 1835 simplici
1215 1752 1333 1831 (ex-lli

114 1843 204 1921 cepto
229 1838 273 1913 P)
297 1834 404 1921 incipit
426 1842 630 1911 consonante,
668 1834 799 1921 primam
819 1834 851 1898 in
873 1841 1012 1920 tempore
1033 1835 1169 1920 perlecto
1192 1836 1282 1921 sylla·

4 1958 5 1969 2
114 1921 185 1987 ham
206 1920 355 2006 geminat,
376 1915 496 2005 γράφω
517 1916 682 2018 γέγραφα,
704 1917 789 2003 λέγω
809 1915 931 2000 λέλεγα.
973 1920 1040 1986 Νθθ
1059 1920 1129 1985 talis
1145 1921 1282 2005 gemina·

113 2006 158 2071 tio
185 2005 420 2091 praepositionis
445 2004 566 2071 adiectu
598 2004 778 2089 impeditur,
819 2002 1004 2089 προκομίζω
1030 2000 1332 2103 τροκεκόμικαηκθε]

4 2124 5 2159 2
115 2086 295 2190 σφνγράφω
318 2088 538 2174 συνγέγραφα.
583 2088 685 2155 Omne
706 2090 875 2174 perlectum
897 2097 1021 2175 tempus
1042 2112 1073 2153 rn
1116 2091 1330 2176 erispome-ll

115 2198 163 2241 ms
190 2175 236 2243 vel
264 2176 363 2241 solum
392 2176 526 2262 primum
555 2173 589 2239 in
615 2174 671 2240 har
691 2174 773 2240 lonis
802 2174 915 2239 desinit
940 2181 994 2239 aut
1020 2174 1051 2238 in
1107 2178 1139 2236 A
1167 2183 1222 2239 aut
1249 2174 1283 2238 in

117 2264 182 2326 ΦΑ
208 2268 263 2326 aut
289 2261 321 2325 in
349 2263 413 2325 ΧΑ
418 2309 428 2339 ,
466 2255 622 2345 τετήρηκα
646 2196 798 2344 γέγραφα
824 2255 986 2341 τέτληχα,
1023 2257 1099 2323 adeo
1127 2264 1163 2323 ut
1189 2278 1282 2323 omne

114 2366 212 2433 paene
247 2346 373 2413 verbum
405 2346 551 2411 similium
580 2344 814 2409 declinationem
848 2349 1011 2428 sequatur:
1051 2344 1138 2425 τηρῶ
1165 2347 1282 2430 τηρεῖς,

114 2432 210 2516 χωρῶ
230 2436 359 2515 χωρεῖς,
380 2426 538 2515 τετήρηκα
558 2424 740 2511 κεχώρηκα·
768 2422 888 2510 γράφω
908 2420 1062 2530 γράφεις,
1081 2424 1192 2528 ρρέφω
1212 2424 1283 2514 rpi-

117 2536 205 2599 φας,
232 2513 384 2599 γέγραφα
402 2512 561 2599 τέτραφα·
602 2508 728 2595 mipace
749 2506 910 2595 κλήττεις,
936 2529 1040 2573 ταττω
1060 2531 1199 2592 vacceos,
1227 2510 1282 2577 πέ-

116 2602 223 2681 aalma
243 2598 369 2683 τέταχα.
412 2599 526 2664 Necte
549 2603 685 2673 moveat,
713 2596 812 2682 quod,
838 2595 863 2660 si
886 2594 1038 2661 Graecum
1058 2597 1187 2663 verbum
1210 2598 1334 2663 inci-12

116 2683 182 2772 piat
202 2682 240 2747 ab
261 2703 324 2749 una
349 2682 388 2747 de
409 2680 457 2747 his
480 2681 576 2746 literis
600 2702 677 2766 quas
698 2678 800 2745 δασέα
819 2676 982 2766 σύμφωνα
1002 2687 1127 2761 vocant,
1151 2682 1283 2750 eumad

1031 2802 1115 2865 [Edd.
1133 2804 1216 2872 pdzh.

115 2895 141 2942 9.
176 2885 266 2939 eidem
282 2887 385 2941 EddP.
405 2914 438 2926 -
460 2887 489 2939 in
507 2902 527 2937 α
541 2886 611 2938 Edd.
766 2891 808 2939 lo.
843 2894 980 2953 exceptor
1001 2886 1103 2939 Eddl’.
1121 2916 1155 2925 -
1178 2888 1284 2941 ΠΡΟ-

118 2954 224 3009 Mlzse
241 2954 274 3007 P.
428 2958 470 3007 11.
509 2953 738 3009 ΤΕΘΗΡΗΚΑ
755 2955 787 3008 Ρ.
802 2981 836 2995 -·
857 2954 1033 3007 ΤΕΤΗΚΑ.
1054 2954 1285 3009 KEKthHKA

1108 3058 1175 3122 [Ed.
1193 3074 1215 3111 θ.

116 3142 232 3198 necundo
247 3142 374 3213 originis,
397 3142 477 3195 lertio
486 3141 597 3209 finalis,
619 3149 649 3194 ot
666 3140 785 3195 λέλακα
801 3142 853 3194 ΛΕ
867 3141 956 3210 primo
977 3142 1080 3210 quala
1099 3142 1284 3197 declinationis

116 3219 274 3332 tt’tltt
284 3209 1285 3347 ,itttlttltatllerelll‘lttilrld‘tt’c'ttltt

117 3340 183 3398 οῖδα
199 3346 268 3413 quod
286 3346 455 3412 disyllabum
473 3352 526 3406 eet,
546 3360 619 3395 num
636 3314 845 3410 παρακείμενον
861 3344 1010 3406 haletum·
1029 3345 1087 3400 hoc
1101 3344 1187 3395 enim
1203 3346 1284 3396 mul-

116 3412 707 3479 tiplicationecorruptumdocctur3
741 3416 768 3462 9.
802 3429 865 3463 nom
880 3420 1019 3479 practer
1034 3412 1083 3464 lcoc
1099 3412 1202 3463 nullum
1240 3428 1284 3463 cr-

116 3482 215 3543 fectam
233 3488 356 3548 tempus
379 3480 412 3531 uh
431 3476 477 3531 01
492 3478 655 3545 diphthongo
679 3478 809 3545 incipit,-
843 3480 922 3531 liuius
943 3479 1015 3531 verti
1035 3479 1112 3548 origo
1136 3486 1186 3531 cet
1208 3494 1221 3530 ε
1250 3494 1284 3545 ω,

117 3554 149 3600 ct
170 3548 275 3598 mutari
300 3546 347 3597 ΕΙ
365 3547 394 3599 in
418 3543 464 3598 01
479 3546 578 3597 soloe
601 3552 630 3597 ct
653 3546 848 3613 incorrupta
870 3547 1005 3599 ratione
1020 3564 1083 3598 non
1104 3546 1226 3599 ononis
1246 3551 1284 3612 e),

116 3614 194 3667 inde
211 3612 292 3664 εἴδεα
309 3614 417 3665 detuit
434 3629 507 3664 ecoe
522 3615 708 3679 praeterito
724 3616 881 3679 perfecto.
903 3628 917 3666 a
939 3614 975 3675 (V
995 3613 1020 3679 ¹)
1036 3630 1089 3677 cor,
1107 3613 1219 3680 punctis
1237 3630 1285 3666 su-

116 3679 278 3750 perpositis.
313 3684 342 3741 ⁹)
367 3678 762 3741 ΠΕΠΟΛΗΜΑΡΑΝΚΑ).
797 3680 948 3733 ddnotevit
969 3681 1067 3733 Endl.e
1097 3687 1123 3743 ⁸)
1142 3682 1286 3748 „Excerp-

117 3748 187 3802 torie
205 3748 290 3799 rerba
308 3748 381 3813 apud
401 3764 451 3798 nos
470 3764 532 3799 esua
548 3746 705 3798 videntur.“
749 3746 777 3808 ¹²)
795 3750 879 3813 „fore
895 3748 1046 3818 legendum
1064 3754 1224 3803 assedente
1242 3748 1286 3801 vi·

116 3816 159 3869 dit
176 3814 342 3882 Kopitarius
360 3815 391 3879 v,
410 3813 485 3865 CL.“
528 3820 553 3876 ο)
570 3812 662 3878 „Nota
680 3814 903 3867 Graeciumum.“

151 3924 177 3971 8.
211 3922 356 3986 perfectum
372 3919 460 3970 minuc
473 3918 609 3984 trisyllaba
622 3936 676 3970 non
724 3919 793 3980 764,
829 3917 927 3970 Tecta.
956 3920 991 3972 nd
1014 3918 1155 3987 [lycophr.
1183 3934 1210 3983 p.
1233 3921 1286 3969 257

117 3987 251 4041 inuenitur
269 3995 373 4055 excepto
396 3980 469 4053 οἶδα]
498 3986 560 4068 Ηοφ
577 4002 674 4038 vorum
724 3985 817 4050 lllirll,
834 3987 870 4037 ah
888 3986 1002 4040 Schacl.
1017 3988 1092 4049 citt.;
1111 3983 1288 4067 Xenophont.

96 4080 98 4082 ·
116 4072 172 4109 non
189 4072 252 4107 eene
271 4054 372 4106 docent
392 4055 517 4119 perlecta
534 4069 589 4119 ηχα
606 4048 675 4104 εἶτα.
726 4053 813 4105 Anah.
832 4054 897 4118 v11,
913 4059 945 4117 a,
962 4060 987 4106 1.
1005 4060 1035 4107 et
1050 4055 1097 4123 qui
1116 4052 1289 4105 Aristaeneti

151 4127 177 4175 9.
210 4138 293 4190 γεγρα
334 4116 389 4182 κὼς
413 4114 580 4188 γεγράφηκα]
616 4120 675 4174 Vld.
726 4121 759 4172 ll.
778 4122 848 4173 dnos
875 4121 975 4176 citavit
995 4122 1073 4176 Boot.
1092 4121 1143 4188 llp.
1169 4119 1233 4172 crit.
1258 4136 1286 4188 p.

118 4190 154 4242 fl.
173 4190 270 4257 Steph.
291 4191 296 4210 '
319 4190 379 4241 hes.
400 4189 450 4239 Gr.
472 4186 502 4238 [ι.
523 4188 565 4237 od.
585 4187 675 4239 Paris.
727 4190 811 4239 ew

120 4256 174 4309 vol.
185 4258 222 4321 ll,
234 4274 261 4323 p.
271 4255 399 4321 'Ilm-uhi
412 4257 545 4323 leguntur
560 4255 676 4306 haecce:
764 4258 804 4307 to.
844 4262 950 4325 excepto
986 4258 1019 4325 P]
1052 4255 1156 4308 Iisdem
1191 4252 1288 4304 verbis

120 4322 211 4390 „Cum
235 4321 361 4391 γέγραφα
386 4328 561 4391 permutetur
581 4316 679 4389 γεγρα·
728 4322 846 4375 Kirhner
863 4324 1008 4377 dnsidhrl.
1026 4324 1076 4376 Gr.
1098 4322 1149 4374 der
1166 4338 1208 4390 gr.
1225 4321 1289 4386 Spr.

120 4406 197 4458 φηκα
212 4404 256 4456 ap.
274 4391 388 4443 hneian.
406 4392 441 4443 de
458 4390 526 4442 hist.
547 4390 632 4442 scrib·
652 4406 676 4440 c.
728 4390 804 4456 596,
819 4393 846 4441 4.
864 4392 941 4455 »τίκα
955 4392 1107 4444 Aamlimc
1121 4390 1229 4443 machon
1246 4389 1290 4441 dic

119 4462 164 4510 31.
188 4461 216 4507 at
236 4456 317 4509 allhl.
351 4459 412 4510 Vld.
431 4458 514 4511 llcrv.
537 4458 573 4510 ad
593 4456 678 4509 Char.
728 4458 777 4510 nit
799 4458 845 4524 p.“
884 4460 910 4510 Ρ
930 4459 1016 4512 focile
1033 4457 1138 4511 marteri
1162 4456 1289 4525 putuisse

119 4530 147 4591 8,
163 4526 188 4589 t,
207 4540 234 4592 p.
252 4526 313 4591 694,
334 4524 456 4579 [achach.
473 4525 508 4579 ud
526 4524 633 4595 Phryn.
650 4540 679 4593 p.
728 4523 758 4578 in
777 4526 808 4592 Γ,
827 4525 901 4593 qnod
917 4528 1004 4598 vulgo
1023 4526 1140 4598 legitur,
1162 4529 1290 4597 apparot.

1092 4616 1133 4684 16
