2950 4992
224 177 266 244 52
705 165 914 236 uacuum

225 342 269 409 les
286 343 392 407 literae
408 360 425 405 a
444 345 552 405 natura
571 335 717 404 dicuntur
736 337 889 414 inventae,
908 336 979 402 licet
994 335 1144 402 Latinitas
1160 333 1282 402 easdem
1298 331 1390 399 modo

225 429 331 511 longas
365 425 458 491 modo
491 426 600 490 breves
633 421 862 508 pronuntiando
888 421 1026 570 quimpue
1055 441 1111 507 pro
1139 429 1257 506 septem
1285 427 1391 485 teuere

224 511 382 588 maluerit,
409 509 490 607 apud
510 529 589 595 quos
606 515 725 584 mmeu,
744 508 769 571 si
792 527 884 571 sonos
905 526 978 572 roca
992 506 1055 570 ium
1080 527 1140 570 non
1160 506 1261 590 apices
1284 525 1390 570 nume-

172 597 346 672 straveris,
366 594 507 659 similiter
528 599 646 677 septem
663 600 746 656 sunt
788 590 863 655 Post
880 611 977 654 annos
999 598 1100 688 autem
1120 589 1167 687 bis
1184 597 1301 688 septem
1324 590 1389 673 ipsa

170 681 334 768 [superatis
355 678 535 744 necessitate
553 677 706 760 pubescit:
731 684 807 740 tunc
829 675 913 739 enim
932 695 1047 740 moveri
1070 675 1177 760 incipit
1195 696 1240 741 vrs
1262 694 1388 759 genera·

221 765 315 830 tionis
335 763 367 828 in
387 762 528 827 masculis
549 769 581 825 et
600 759 741 846 purgatio
762 757 955 824 laminarum.
998 758 1071 824 Ideo
1096 767 1128 826 et
1155 759 1251 823 tutela
1276 757 1387 843 puerili

222 849 310 936 quasi
332 849 419 915 virile
438 847 499 910 iam
522 845 618 909 robur
638 843 822 909 absolvitur:
848 843 886 907 de
906 865 971 929 qua·
986 851 1090 908 tamen
1112 842 1242 908 feminae
1264 850 1390 928 propter

172 943 364 1010 'lzvotorum
386 929 612 995 festinationem
632 929 783 994 maturius
804 927 930 992 biennio
955 929 1074 1012 legibus
1094 928 1272 994 liberantur.
1314 929 1390 992 Post

221 1027 271 1083 ter
296 1024 440 1100 septenos
467 1033 565 1077 annos
595 1033 690 1097 genas
717 1012 793 1076 llore
821 1012 913 1077 vestit
941 1013 1080 1088 iuventa,
1120 1013 1263 1098 idemque
1291 1032 1389 1076 annus

222 1103 315 1166 linem
337 1101 369 1163 in
390 1099 516 1182 longum
538 1096 694 1162 crescendi
716 1095 802 1161 iacit:
825 1103 856 1160 ct
876 1105 985 1194 quarta
1005 1118 1156 1164 annorum
1178 1098 1324 1162 hedomas
1343 1097 1389 1160 in·

171 1186 304 1272 'lapisto
323 1184 355 1248 in
374 1184 470 1248 latum
491 1201 616 1267 quoque
633 1202 770 1246 erescere
788 1181 869 1245 ultra
888 1203 948 1246 ram
969 1181 1120 1267 prohibet
1163 1182 1280 1261 Quinta
1299 1202 1388 1246 omne

222 1271 352 1343 virium,
386 1274 520 1352 quantae
544 1266 645 1331 inesse
667 1265 835 1350 unicuique
857 1274 1001 1351 possunt,
1032 1267 1391 1352 conplet-augmentum:

221 1355 370 1439 nulloque
391 1352 484 1418 modo
505 1351 566 1417 iam
587 1359 689 1436 potest
709 1354 872 1436 quisquam
894 1371 927 1416 se
949 1351 1058 1416 fortior
1078 1351 1154 1416 lieri.
1197 1355 1283 1416 Inter
1303 1351 1389 1437 pugi·

221 1441 265 1504 les
287 1439 421 1523 denique
443 1435 518 1501 baec
545 1436 737 1501 consuetudo
759 1443 913 1512 servatur,
951 1442 987 1499 ut
1013 1456 1091 1521 quos
1115 1436 1174 1500 iam
1201 1457 1389 1503 coronavero

219 1525 364 1592 victoriae
395 1521 471 1586 nibil
492 1521 525 1585 in
545 1542 579 1587 se
603 1520 735 1606 amplius
763 1520 795 1584 in
818 1521 1006 1584 incremento
1024 1518 1135 1584 virium
1157 1529 1296 1604 sperent,
1333 1520 1388 1605 qui

219 1631 293 1677 vero
314 1615 456 1695 expertos
482 1605 575 1671 buius
601 1605 717 1691 gloriae
742 1626 841 1690 usque
869 1605 921 1669 illo
952 1611 1132 1668 manserunt
1155 1623 1173 1668 a
1198 1603 1390 1689 professione

169 1703 210 1768 74
219 1694 385 1760 discedant
427 1691 533 1756 Series
561 1711 633 1756 vero
656 1691 776 1776 septeni
797 1690 868 1755 anni
894 1696 1016 1755 servant
1042 1688 1120 1753 vires
1141 1695 1211 1752 ante
1233 1689 1388 1763 collectas,

219 1800 276 1843 nec
301 1776 538 1841 diminutionem
568 1775 627 1840 nisi
661 1797 700 1840 er
730 1775 879 1842 accidenti
909 1774 1031 1841 evenire
1063 1773 1230 1858 patiuntur.
1279 1772 1339 1837 Sed
1368 1793 1387 1838 a

218 1869 305 1926 sexta
325 1880 425 1943 usque
445 1859 482 1922 ad
504 1860 666 1943 septimam
689 1860 893 1944 septimanam
916 1861 950 1924 iit
972 1858 1097 1945 quidem
1115 1854 1295 1934 diminutio,
1333 1858 1388 1923 scd

217 1945 337 2010 occulta
358 1951 390 2007 et
453 1963 489 2005 ae
512 1942 730 2008 detrimentum
754 1964 844 2008 suum
867 1952 972 2027 aperta
993 1942 1164 2008 delectione
1184 1963 1247 2005 non
1270 1941 1388 2027 prodat

217 2029 292 2093 ldeo
314 2047 421 2091 nonno
434 2026 532 2090 larum
556 2046 658 2091 rerum
680 2027 873 2111 publicarum
897 2027 946 2091 hic
965 2049 1032 2091 mos
1051 2035 1107 2102 est,
1124 2035 1160 2092 ut
1180 2033 1251 2111 post
1270 2035 1388 2092 saxum

217 2113 256 2178 ad
279 2110 420 2175 militiam
443 2130 535 2175 nemo
555 2119 697 2194 cogatur:
725 2112 757 2175 in
779 2111 920 2195 pluribus
942 2112 1032 2176 datur
1052 2111 1194 2176 remissio
1217 2110 1296 2176 iusta
1318 2121 1388 2197 post

166 2197 391 2281 75septimam.
433 2195 609 2261 Notandum
631 2216 714 2271 vero,
739 2195 832 2282 quod,
854 2215 924 2259 cum
947 2215 1096 2260 numerus
1116 2203 1234 2280 septem
1255 2218 1288 2262 se
1309 2198 1388 2262 mul·

217 2283 240 2347 ti
264 2283 343 2358 licat,
365 2279 438 2345 iacit
457 2286 588 2345 uemtem
608 2300 688 2364 quae
712 2279 836 2365 proprie
856 2279 988 2364 perlecta
1010 2286 1042 2343 ct
1064 2279 1196 2346 babetur
1215 2288 1247 2346 et
1268 2281 1389 2359 dicitur,

216 2305 295 2433 adeo
316 2373 353 2431 ut
374 2364 458 2431 illius
478 2365 587 2430 aetatis
608 2364 702 2429 bomo
730 2372 853 2450 (utpote
874 2365 927 2450 qui
954 2364 1173 2450 perlectionem
1198 2375 1230 2430 et
1253 2368 1388 2452 attigerit

216 2453 276 2518 iam
296 2459 328 2516 et
347 2449 477 2516 necdum
500 2450 706 2535 praeterierit)
727 2457 759 2514 ct
779 2448 907 2534 oonsilio
929 2458 1019 2536 aptus
1041 2450 1081 2514 sit
1099 2471 1156 2516 nec
1179 2451 1216 2518 ab
1239 2453 1387 2518 exercitio

165 2538 329 2607 lovinium
349 2535 469 2601 alienus
489 2534 649 2600 habeatur.
691 2534 771 2600 Cum
795 2555 869 2599 vero
891 2535 996 2610 decas,
1022 2535 1075 2642 qui
1094 2543 1126 2600 ct
1145 2536 1211 2622 ipse
1231 2535 1387 2621 perlectis·

216 2623 313 2688 simus
331 2641 480 2686 numerus
502 2627 563 2696 est,
585 2619 721 2706 perlecto
742 2640 888 2698 numero,
910 2620 941 2685 id
963 2627 1010 2685 est
1032 2616 1160 2698 sector,
1182 2621 1332 2706 iungitur,
1347 2628 1387 2687 ut

163 2715 272 2802 [mpaut
296 2705 398 2772 decies
424 2705 544 2791 septeni
571 2711 626 2772 aut
654 2705 768 2791 septies
795 2704 867 2770 deni
901 2712 1108 2792 conputantur
1134 2706 1224 2772 anni:
1263 2706 1338 2774 hacc
1365 2727 1387 2773 a

284 2837 355 2890 Mse-
376 2836 645 2900 urseursuunu

213 2923 302 2975 oribus
321 2921 373 2973 Hl.
391 2948 427 2961 -
443 2922 518 2989 apud
535 2924 679 2990 puosduar
696 2929 785 2976 taurea
800 2920 833 2974 F.
855 2951 882 2962 -
901 2931 983 2977 temet
1000 2923 1076 2990 (sup.
1096 2922 1159 2976 aad.
1176 2925 1214 2989 si)
1231 2924 1265 2976 B.
1283 2953 1319 2965 -
1340 2944 1386 2978 eo-

212 3006 272 3042 uus
288 2989 317 3041 P.
335 3017 363 3027 -
383 2997 481 3056 reptem
494 2997 591 3043 eruat
609 2989 680 3041 Brea.
832 2994 875 3042 71.
913 2992 976 3044 Post
993 2999 1080 3043 autem
1099 2997 1167 3052 (om.
1186 2997 1284 3052 annos)
1307 3010 1333 3046 v.
1355 3021 1385 3036 -ν

211 3059 271 3125 ipsu
291 3066 378 3110 aetas
394 3057 548 3108 necessitate
561 3058 726 3125 pubescita3
749 3056 868 3126 corrigit
885 3057 960 3109 Mod.
978 3057 1010 3108 N.
1030 3057 1060 3107 [ι.
1079 3074 1105 3123 p.
1121 3062 1179 3109 ³21.
1228 3060 1288 3124 ipsa
1305 3069 1386 3111 uetu-

210 3127 247 3178 tir
264 3125 428 3186 accersitae,
445 3124 564 3191 pubescit
584 3125 755 3193 „legendnm
774 3125 884 3177 censuit
899 3124 953 3174 los.
971 3123 1101 3243 Scaligper
1117 3125 1146 3176 in
1164 3123 1291 3176 Elenclro
1310 3125 1387 3178 Ora-

210 3191 297 3244 tionis
319 3190 537 3258 chronologicae
583 3231 588 3242 .
609 3195 674 3243 69.“
697 3192 770 3244 Porrt
803 3219 837 3230 -
858 3191 956 3260 puerili
980 3191 1053 3242 (is-b
1079 3190 1149 3243 Burs.
1186 3193 1303 3259 puerilis
1329 3194 1385 3247 Rl.

208 3260 332 3328 pueruli
353 3257 383 3309 F.
418 3259 537 3328 puerib3
558 3208 590 3310 fl.
625 3261 725 3326 pueri
747 3259 856 3313 Situm
881 3258 1037 3323 „mcmbr.“
1059 3260 1121 3310 l.c.
1154 3261 1256 3328 pueris
1278 3261 1384 3328 v·gEl.

213 3355 242 3366 -
268 3328 346 3379 virile
366 3328 445 3378 robur
466 3327 535 3392 (om.
553 3325 623 3391 iam)
644 3325 675 3384 F.
714 3330 792 3380 uirile
812 3329 893 3379 robur
915 3327 969 3377 ium
989 3325 1040 3376 Ru.
1080 3326 1135 3378 ium
1155 3329 1187 3378 in
1207 3328 1283 3378 uirile
1305 3330 1386 3381 robur

210 3396 284 3447 Brea.
302 3396 496 3448 -liberentur
511 3395 615 3464 legibus
631 3391 663 3446 F.
815 3399 857 3446 72.
892 3402 932 3447 ter
945 3401 1051 3462 septem
1067 3392 1099 3445 F.
1134 3402 1175 3447 ter
1194 3395 1248 3446 Vll
1263 3394 1335 3448 Bra.
1351 3425 1381 3434 -

204 3466 274 3530 flore
290 3481 376 3532 geues
394 3462 536 3515 aarum.
553 3489 586 3500 -·
603 3461 673 3514 ideei
690 3465 767 3527 (sup.
785 3462 849 3514 add.
865 3468 929 3532 que)
947 3462 997 3513 Rl.
1014 3486 1047 3500 -
1066 3461 1231 3514 ebdomada
1246 3469 1321 3530 (sup.
1336 3469 1384 3524 os)

211 3531 263 3582 Rl.
297 3531 462 3584 hebdomade
486 3532 538 3583 Hb.
564 3557 598 3567 -
624 3531 678 3582 iasa
695 3530 768 3580 ultra
789 3529 841 3582 Rs.
994 3533 1035 3580 7³.
1070 3531 1196 3582 omnium
1213 3531 1309 3582 uirium
1329 3532 1382 3585 Rl.

210 3621 246 3637 -·
268 3600 397 3666 nullique
417 3616 446 3666 g.
470 3626 504 3637 -
527 3598 581 3650 iam
605 3597 683 3649 erodo
703 3596 773 3646 Rlb·
812 3597 890 3649 modo
915 3601 983 3657 (om.
1007 3597 1075 3656 ium)
1101 3612 1124 3650 r.
1153 3627 1179 3636 -
1224 3600 1266 3650 uis
1282 3600 1383 3663 fortior

211 3667 287 3730 (sup.
306 3682 386 3731 quam
402 3670 444 3724 se)
463 3666 514 3716 ur.
534 3692 561 3704 ·-
583 3664 693 3734 pugiles
710 3680 830 3731 quoque
848 3662 878 3714 1⁴¹.
896 3691 931 3704 -
952 3681 1017 3730 quos
1037 3669 1106 3725 (ora.
1125 3666 1193 3725 ium)
1207 3616 1242 3716 la
1259 3693 1292 3704 -
1316 3667 1383 3719 oiri

210 3731 249 3787 de
267 3746 295 3782 se
316 3731 392 3798 (sup.
409 3733 462 3795 aii)
481 3733 533 3784 Re.
552 3759 587 3772 ·-
614 3733 643 3784 iu
660 3733 818 3783 incremento
838 3729 1038 3797 BSPer·pG.
1072 3732 1229 3785 incremento
1250 3733 1316 3798 (orn.
1336 3735 1382 3800 ia)

209 3797 325 3851 Rauen.
362 3800 391 3850 ia
409 3800 566 3852 incremento
582 3814 636 3851 om.
660 3799 690 3850 F.
724 3799 886 3852 tamemessta
905 3799 973 3864 (om.
993 3798 1036 3863 ia)
1056 3798 1125 3850 Bra.
1159 3801 1188 3851 ia
1204 3801 1383 3855 iucreereatis

91 3930 96 3936 .
208 3867 270 3918 d-b.
309 3868 339 3918 ia
360 3868 510 3920 crementis
533 3867 641 3933 „ll1es.“
664 3866 751 3918 (iron-
775 3865 811 3917 ad
833 3867 904 3930 act.
927 3894 960 3904 -
980 3866 1085 3933 gloriae
1105 3867 1184 3918 buius
1209 3885 1233 3919 r.
1274 3869 1382 3938 gloriae

206 3940 276 3996 (aar.
292 3935 386 3994 buius)
404 3933 458 3985 m.
602 3936 647 3986 td.
682 3941 790 4000 reptem
807 3932 1000 3986 FGs-bPBrrrr.
1018 3959 1051 3972 —
1069 3934 1206 3988 accidente
1223 3934 1255 3987 F.
1272 3963 1306 3975 -
1324 3938 1379 3989 de-

206 4004 341 4056 uuaitio
358 4011 435 4068 (sup.
454 4002 541 4063 minu)
563 4001 596 4054 B.
619 4029 647 4040 -
671 4002 700 4052 is
719 4017 775 4052 aros
796 4017 857 4067 v-g.
880 4029 913 4039 —
934 4001 1023 4053 detur
1044 4001 1099 4068 gG.
1133 4023 1136 4028 Α
1251 4007 1293 4054 rc.
1333 4005 1381 4071 pur·

205 4071 269 4122 iam
285 4073 472 4139 perlectionem
488 4069 572 4139 oubg.
589 4097 625 4109 -
638 4069 714 4121 attia
720 4069 792 4136 gerit
807 4067 831 4117 B
849 4068 907 4129 (ltu
918 4083 988 4118 eras.
1006 4072 1047 4128 a).
1061 4067 1160 4120 -iam
1177 4085 1232 4120 orn.
1249 4069 1379 4139 Rsscalrg.

206 4141 294 4192 -rit
310 4148 390 4206 uptus
407 4138 440 4189 F.
501 4171 504 4177 -
574 4140 618 4187 td.
653 4136 842 4188 decantasti.
877 4135 1138 4188 decorent-est
1154 4154 1277 4189 uumerus
1293 4137 1380 4190 1³.-

206 4207 298 4273 eptadi
318 4207 393 4259 ΕΜ.
427 4205 545 4274 eptadir
562 4203 634 4257 Bau.
656 4229 691 4242 ·-
710 4205 813 4272 septeni
835 4203 941 4256 uuam
961 4203 1050 4269 (Grnss
1067 4201 1095 4256 ln
1111 4204 1185 4271 mg.)
1204 4205 1275 4260 Bau.
1308 4204 1380 4272 „bi-

239 4341 281 4388 τί.
317 4337 446 4405 votorum]
463 4337 506 4390 (lt.
523 4334 632 4405 Apulei.
648 4335 766 4388 Metam.
817 4333 948 4401 inprimis
961 4334 1072 4390 Patron.
1086 4353 1108 4391 a.
1122 4340 1148 4390 4.
1169 4355 1227 4392 curs
1244 4341 1286 4393 ad
1299 4347 1378 4395 cola

207 4400 252 4461 lV,
266 4419 292 4466 p.
308 4407 367 4454 29³.
385 4405 472 4456 sotir
487 4404 698 4471 nuptialibus
713 4421 765 4471 pa·
815 4409 1008 4470 properarat.

206 4472 249 4514 cto
266 4469 356 4534 iugali
371 4470 532 4529 destinetur,
564 4476 594 4521 et
611 4470 716 4522 Florld.
737 4486 762 4537 p.
849 4471 891 4519 ¹18.
926 4484 954 4519 re
966 4469 1077 4537 sortior]
1102 4469 1199 4525 intelli
1222 4491 1251 4526 ec
1272 4472 1378 4528 fortior

207 4532 248 4578 18.
260 4538 352 4597 togam
362 4534 725 4602 paracietsotoetfuseri,
735 4541 764 4590 el
815 4550 898 4602 quum
915 4533 969 4589 iun
984 4541 1077 4591 aetate
1093 4545 1144 4596 eet.
1179 4489 1222 4595 (ἓῖ
1237 4541 1295 4598 Sat
1314 4543 1376 4609 vn,
