2950 4992
200 156 244 226 36
681 146 891 219 Mauuoun

202 325 270 393 neii
293 323 359 391 iiiii
383 322 514 409 primum
541 325 613 407 post
637 338 767 405 corpora
794 317 928 383 diximus
953 317 1164 402 incorpoream
1191 334 1259 381 esse
1280 314 1370 381 netu·

202 432 284 490 rarii,
316 429 373 473 nee
392 416 496 473 tamen
517 404 768 491 sequestrandam
791 412 918 490 propter
938 411 1116 488 perpetuam
1138 422 1208 466 oum
1234 400 1371 485 eorpori-

203 496 263 561 bus
283 493 475 560 societatem:
515 505 589 575 eigo
611 489 695 577 quod
716 489 831 555 abhuc
851 508 958 553 rursus
978 486 1109 564 recedit,
1138 487 1199 551 iam
1221 506 1298 571 pure
1324 486 1371 549 iii-

202 585 385 664 ctrporeum
404 584 466 643 est:
499 595 645 642 numeros
666 584 770 641 autem
792 573 849 639 liae
867 572 1041 657 superiores
1061 571 1246 669 praecedens
1268 590 1371 635 sermo

203 662 362 751 patefecit:
405 661 505 746 prima
531 668 579 725 est
602 659 695 744 igitur
722 657 869 744 perfectio
892 656 1147 742 incorporalitatis
1169 656 1202 720 iii
1223 654 1372 733 numeris,

155 750 236 815 lici
254 749 330 814 haee
345 753 403 823 est,
421 753 458 812 ut
473 744 616 820 diximus,
636 762 836 807 numerorum
855 742 994 807 omnium
1013 740 1182 827 plenitudo.
1223 741 1372 806 Seorsum

154 835 267 914 mapilla,
287 840 323 898 ut
344 850 436 915 supra
457 826 695 901 ammonuimus,
716 825 876 910 plenitudo
898 833 946 891 est
967 846 1075 891 eorum
1098 826 1151 912 qui
1177 832 1231 891 aut
1257 845 1372 911 eorpus

203 918 337 983 efficiant
353 922 408 980 aut
424 911 485 978 rim
506 910 666 995 optineant
684 909 893 988 vinculorum,
932 909 1004 976 licet
1022 911 1097 976 alias
1117 932 1241 997 quoque
1263 931 1372 976 causas

155 1003 318 1089 l5quibus
343 996 428 1082 pleiii
457 994 578 1060 numeri
605 992 778 1059 efficiantur
814 1015 881 1060 esse
915 1016 978 1061 noii
1011 995 1173 1081 ambigam.
1229 995 1373 1074 Qualiter

203 1094 308 1151 autem
324 1079 500 1147 octonarius
521 1099 668 1143 numerus
687 1078 821 1145 solidum
841 1100 953 1165 corpus
974 1080 1100 1160 efficiat,
1120 1089 1193 1147 ante
1211 1081 1281 1147 latis
1299 1100 1371 1165 pro-

202 1170 310 1234 batum
331 1170 387 1230 est.
428 1166 513 1248 Ergo
531 1162 729 1248 singulariter
748 1185 873 1250 quoque
892 1166 1002 1250 plenus
1021 1166 1088 1231 iure
1110 1165 1230 1231 dicetur
1246 1172 1371 1263 propter

203 1269 369 1338 corporeae
389 1247 551 1314 soliditatis
576 1248 736 1323 affectum
767 1248 821 1313 sed
842 1249 933 1313 etad
954 1249 1050 1345 ipsam
1072 1250 1148 1314 caeli
1170 1250 1373 1327 harmoniam,

203 1338 235 1403 id
256 1345 305 1402 est
323 1333 564 1410 conduentiam,
603 1330 687 1397 hune
708 1351 872 1397 numerum
895 1352 992 1416 inagis
1014 1340 1121 1417 aptum
1140 1354 1211 1400 esse
1230 1356 1293 1400 noo
1315 1334 1373 1401 du·

202 1422 289 1488 bium
309 1427 371 1497 est,
392 1438 463 1485 cum
479 1417 630 1504 sphaerae
652 1416 735 1501 ipsae
756 1424 826 1483 octo
847 1414 924 1493 siut,
943 1435 1023 1501 quae
1043 1426 1222 1484 morentur:
1243 1419 1282 1485 de
1325 1421 1372 1486 ui·

153 1508 261 1577 itlius
283 1512 445 1574 secuturus
463 1523 566 1569 serino
587 1500 740 1587 procedet.
783 1500 902 1565 Omnes
920 1519 1045 1585 quoque
1065 1508 1177 1583 partes,
1198 1502 1237 1566 de
1256 1440 1373 1587 quilius

202 1598 323 1659 constat
341 1589 393 1656 liic
410 1608 572 1665 numanis,
592 1586 670 1651 tales
693 1591 775 1662 sunt,
797 1592 834 1651 ut
854 1605 893 1649 eii
912 1604 1017 1649 earum
1040 1604 1188 1669 compage
1207 1586 1372 1670 plenitudo

202 1685 353 1743 nascatur.
398 1674 459 1738 Est
479 1674 567 1738 enim
593 1681 648 1737 aut
674 1670 713 1737 de
739 1670 789 1736 liis
815 1688 894 1755 quae
926 1689 1027 1753 nequo
1054 1676 1239 1753 generantur
1266 1690 1371 1755 neque

201 1766 366 1847 generarit,
395 1758 434 1821 de
448 1756 583 1821 monade
605 1764 637 1820 et
711 1766 791 1833 tem,
823 1753 1025 1841 quoequalis
1047 1754 1108 1819 sint
1132 1774 1189 1818 suo
1217 1753 1285 1819 loco
1304 1755 1372 1839 ple·

202 1846 273 1992 {lt
294 1840 606 2007 llpiffiilaii‘
624 1839 696 1987 lt„
705 1838 1373 2008 lltl„lt}“litletltt‘lttitss”ti

203 1975 326 2076 duribus
348 2015 381 2071 et
404 2014 478 2071 octo
505 2013 647 2089 generat:
684 2014 740 2072 aut
761 2008 947 2091 componitur
971 2007 1010 2071 de
1038 2008 1137 2072 tribus
1163 2014 1196 2072 et
1225 2007 1373 2107 quinque,

203 2113 338 2179 quorum
359 2090 438 2157 alter
456 2089 574 2173 primus
592 2089 732 2154 omnium
756 2109 957 2155 numerorum
979 2090 1068 2174 inpar
1088 2090 1244 2173 apparuit,
1265 2114 1374 2190 quma-

154 2179 241 2248 lirii
265 2184 373 2242 autem.
390 2174 559 2259 potentiam
575 2193 713 2257 sequens
732 2180 882 2239 tractatus
903 2173 1041 2257 attinget.
1083 2174 1278 2259 Pythagorici
1298 2198 1373 2243 vero

203 2264 287 2328 liuiic
314 2278 479 2327 numerum
499 2257 652 2323 Iustitiam
678 2264 881 2334 vocaverunt,
919 2258 991 2343 quia
1018 2258 1136 2342 primus
1162 2262 1302 2326 omnium
1329 2263 1373 2329 ita

203 2347 333 2414 solvitur
358 2344 391 2410 iii
412 2363 558 2409 numeros
581 2342 697 2428 pariter
719 2362 826 2427 pares,
860 2341 920 2408 lice
944 2348 992 2406 est
1012 2342 1044 2406 iii
1064 2343 1112 2408 bis
1139 2352 1303 2429 quaterna,
1335 2356 1374 2415 ut

203 2429 404 2498 nihilominus
429 2428 462 2493 iii
486 2426 750 2513 numerosaeque
799 2426 893 2493 ariter
916 2445 1005 2512 pares
1026 2427 1135 2493 divisio
1161 2450 1286 2517 quoque
1305 2432 1373 2516 ipsa

203 2518 349 2590 solvatur,
368 2513 399 2580 id
416 2518 469 2611 'est
486 2511 517 2610 iii
535 2512 583 2579 bis
605 2511 687 2576 biiia.
728 2447 847 2577 idaiam
867 2532 992 2598 quoquc
1015 2513 1162 2610 qualitate
1187 2516 1371 2596 conteritur,

155 2601 195 2670 18
204 2602 236 2667 id
254 2610 304 2668 est
321 2600 371 2666 his
391 2598 465 2664 buia
483 2597 542 2663 bis
584 2594 665 2665 Cum
685 2616 760 2683 ergo
785 2603 817 2670 et
842 2595 998 2663 contextio
1021 2598 1118 2682 ipsius
1132 2599 1211 2687 pari
1237 2602 1371 2689 aequali·

270 2819 341 2872 dice.
358 2815 628 2879 ursimannus

202 2932 237 2944 -
253 2921 272 2957 a
287 2904 365 2956 lineis
380 2903 432 2955 iti.
447 2929 482 2942 -·
501 2900 658 2969 diximum
675 2902 748 2967 teo.
764 2927 800 2943 —
816 2916 872 2955 eise
888 2902 916 2955 ia
931 2918 1081 3021 corpoream
1099 2900 1151 2955 Bt.
1185 2920 1241 2958 esee
1257 2904 1334 2967 (add.
1353 2920 1372 2959 u

203 2972 393 3024 scomoiaco
426 2973 528 3029 orcam)
546 2967 577 3021 1³.
597 2996 625 3007 -
645 2969 678 3020 at
696 2970 747 3021 liae
761 2971 944 3037 superficie
994 2974 1015 3021 l.
1033 2982 1153 3038 -pure
1166 2979 1203 3023 ut
1220 2990 1373 3027 numerus

202 3039 236 3091 1⁴¹.
251 3068 285 3077 —-
301 3054 396 3107 praece
470 3040 567 3097 ¹securo]
584 3035 633 3102 54.
647 3060 681 3074 -
699 3036 790 3087 Prima
807 3044 846 3089 eet
862 3038 901 3105 ig.
917 3040 986 3105 perf.
1001 3038 1100 3104 iiicoip.
1119 3041 1259 3091 occurrit
1276 3041 1304 3091 iii
1318 3054 1372 3091 uu-

202 3108 282 3159 merie
298 3107 350 3157 Bi.
363 3132 391 3144 -
411 3111 442 3156 ut
459 3104 583 3170 dicimur]
599 3102 650 3169 54.
665 3129 700 3142 -
712 3104 853 3171 plenitudo
868 3105 1011 3157 communie
1026 3104 1097 3156 uia.
1244 3106 1282 3156 14.
1320 3106 1371 3157 Se-

204 3190 291 3227 orruai
309 3174 360 3225 illa
374 3166 688 3251 marceniensem.
726 3187 841 3225 seorsum
858 3178 961 3223 anterii
978 3171 1028 3221 itta
1046 3170 1115 3219 lidd.
1132 3197 1167 3208 -
1187 3176 1218 3223 ut
1235 3188 1291 3239 cup.
1310 3188 1371 3223 iim-

203 3238 942 3372 tlt}{immittittltz‘fftmtttttl‘
956 3239 1373 3371 llatttttllttttlz

205 3376 262 3429 r-b.
298 3374 353 3436 (Ex
367 3372 420 3440 μ
437 3371 616 3425 scribendum
630 3388 696 3423 ecee
712 3372 836 3425 ridetiiri
853 3378 900 3425 aut
915 3386 1051 3437 corpora
1068 3373 1288 3438 efficiantur.)-
1305 3375 1373 3426 atii·-

201 3448 280 3496 aent
299 3442 448 3511 Fidens-g
467 3441 514 3506 (ri
532 3440 602 3507 opt.)
624 3467 656 3477 -
673 3456 727 3491 unii
744 3438 844 3515 esces,
859 3467 896 3479 -
911 3439 1098 3557 ambigamus
1115 3439 1201 3508 „lege
1216 3456 1280 3491 cuni
1298 3438 1372 3494 anti-

203 3510 281 3577 quiss
306 3510 348 3563 itu
364 3510 492 3572 dicimur,
509 3507 700 3559 admonuimus.
737 3508 871 3559 lieiectui
889 3505 963 3557 idem
994 3522 1010 3555 ii
1028 3505 1078 3558 lili.
1095 3504 1137 3574 11,
1162 3522 1221 3575 cap.
1240 3510 1273 3559 1'2
1289 3507 1316 3578 [ᾗ
1333 3508 1371 3577 2.]

201 3578 347 3639 maclam,
362 3594 425 3628 enm
444 3574 511 3627 liliri
527 3579 595 3626 vett.
612 3589 709 3626 omnes
721 3575 930 3627 revolvamur.“
949 3573 1036 3625 Groui.
1188 3578 1230 3625 15.
1265 3586 1373 3629 octona-

202 3643 261 3693 riue
275 3648 346 3701 [om.
361 3647 498 3703 rmum-ui)
510 3638 543 3692 F.
559 3664 596 3682 -
612 3648 674 3693 aute
689 3642 763 3708 lutis]
779 3642 795 3708 5
811 3645 851 3693 ll.
885 3647 920 3694 ut
938 3648 999 3693 uate
1014 3638 1079 3693 latia
1094 3638 1188 3693 Laii.
1220 3645 1373 3697 antestitis

204 3724 255 3776 c-g
273 3709 309 3770 (Ιι
330 3709 360 3760 iii
382 3725 440 3775 rog.
462 3706 609 3773 „antelatis
627 3710 728 3768 uuirt
748 3737 782 3747 -
804 3710 946 3777 prolatum
960 3706 1035 3759 usi.
1051 3734 1086 3747 -
1105 3708 1225 3776 plenius
1244 3710 1322 3779 grie.
1337 3739 1373 3751 -

205 3776 365 3829 amasiam.
381 3776 451 3827 isaie
465 3780 545 3841 [inp.
561 3773 625 3826 aut.
642 3776 849 3837 continentiam)
871 3772 903 3828 F.
925 3800 959 3814 -
980 3774 1055 3843 iprae
1075 3791 1131 3829 oui.
1150 3776 1202 3828 iti.
1225 3804 1259 3815 —
1279 3776 1373 3847 puiiui

204 3850 275 3906 (cni.
287 3844 334 3905 de)
346 3859 375 3911 g.
387 3868 422 3881 -
436 3847 515 3894 secut.
534 3840 626 3907 emmo]
645 3859 668 3892 a.
682 3846 724 3906 14,
741 3842 811 3907 §²3-
828 3869 861 3881 -
873 3843 999 3911 procedit
1012 3844 1062 3893 Rl.
1200 3847 1241 3897 io.
1276 3861 1372 3898 aarum

203 3910 236 3964 F.
258 3939 295 3953 -
314 3926 398 3979 neque
436 3914 545 3960 enecare
559 3924 593 3957 rie
679 3917 821 3962 comantur
842 3908 877 3961 G.
930 3924 1014 3977 timue
1027 3916 1189 3978 gererentur
1204 3918 1274 3972 tom.
1289 3928 1373 3979 neque

203 3985 349 4050 generunt)
371 3924 702 4057 Bpgmnfsspiipngffl
723 3976 788 4028 adil·
806 3992 825 4029 ιι
843 3993 900 4028 eea.
918 3982 979 4036 ιιι.).
1000 4004 1035 4015 -
1057 3985 1153 4045 septem
1176 3984 1251 4045 [sup.
1274 3981 1336 4032 odd.
1354 3996 1372 4033 u

204 4064 260 4100 seo.
275 4064 311 4099 ιιι.
324 4048 487 4114 septenaria)
500 4043 552 4094 Rl·
568 4070 592 4080 -
605 4058 654 4094 tuo
670 4043 736 4111 laec]
748 4058 806 4111 cap.
823 4044 876 4110 Μ
893 4048 905 4095 l
920 4048 981 4096 oti.
993 4071 1027 4087 -·
1042 4044 1178 4111 duplicato
1195 4052 1264 4108 [oui.
1278 4052 1320 4108 eo)
1336 4047 1371 4101 Β.

205 4144 233 4155 -
249 4122 279 4169 et
294 4115 411 4183 quinarii
427 4118 516 4165 euteni
533 4110 566 4162 B.
601 4110 720 4178 quinarii
734 4114 821 4163 euim
838 4118 915 4177 (sap.
928 4116 1029 4171 autem)
1050 4111 1100 4163 ua.
1112 4140 1147 4151 -
1163 4129 1215 4180 rep.
1229 4115 1370 4183 tractatus]

203 4198 265 4250 cap.
281 4187 308 4245 6,
326 4181 339 4248 ᾗ
358 4185 398 4233 ie.
533 4182 575 4230 lt.
607 4194 672 4230 aero
688 4178 743 4229 del.
759 4178 793 4229 H.
806 4204 833 4217 -
846 4194 933 4245 aeque
947 4179 1019 4239 [del.
1032 4180 1148 4247 puriter)
1167 4181 1201 4233 H.
1217 4208 1251 4221 -
1269 4183 1318 4234 lioc
1333 4191 1373 4237 aet

220 4250 420 4315 caterua-(oni.
434 4248 465 4301 iii
481 4246 535 4314 die)
552 4243 584 4297 F.
606 4271 635 4285 -
652 4246 712 4313 ipea
726 4262 780 4298 oni.
800 4245 831 4296 li.
849 4272 882 4284 -
906 4246 1025 4297 solvatur
1043 4249 1111 4313 (om.
1126 4248 1157 4299 id
1174 4249 1226 4315 est)
1245 4247 1372 4317 Bri-gu

201 4267 261 4380 ἕω
276 4316 437 4370 addanae.
455 4315 518 4380 ιι).
552 4313 672 4365 soleam
684 4314 744 4366 lucc
759 4320 797 4365 eet
813 4311 843 4363 S.
981 4316 1022 4363 ia.
1058 4316 1184 4367 contexio
1200 4318 1320 4381 (emet)
1337 4317 1372 4370 B.

202 4388 229 4433 et
240 4384 366 4435 contexio
379 4384 451 4436 Βιιι.
468 4383 526 4447 (Bt
541 4398 602 4449 eiip.
619 4381 684 4433 add.
699 4382 734 4446 t).
749 4405 781 4419 -
799 4378 1001 4445 aequabilitate
1012 4380 1121 4444 „librl“
1137 4382 1224 4435 Groa.
1245 4382 1293 4449 qui
1305 4400 1373 4437 con-

201 4448 258 4537 fert
275 4464 337 4516 oap.
402 4448 427 4515 [ἦ
446 4450 498 4517 iu]
515 4449 639 4517 aepuaii
644 4449 704 4505 liter
719 4448 804 4503 ducat
819 4451 849 4500 et
865 4447 1055 4515 aequabiliter
1068 4449 1153 4503 locari
1170 4448 1229 4506 alio
1250 4451 1314 4506 loco
1337 4450 1372 4519 [1,
