2950 4992
589 195 785 242 mnas».
1217 177 1299 244 1111

77 345 215 429 legisset,
238 365 301 410 non
321 346 396 432 qaid
416 344 590 432 scripsisset
611 343 734 422 Cicero,
757 344 864 430 quarm
883 344 958 412 mibi
978 347 1153 414 videbatur:
1177 364 1240 432 qua
1260 367 1299 412 ex

79 467 173 511 causa
200 447 293 512 etiam
320 469 357 514 ee
380 447 444 514 iere
470 447 634 514 derivanda
659 453 745 524 sunt,
775 447 807 511 in
834 447 947 532 quibus
971 468 990 515 a
1013 450 1048 514 F.
1075 447 1205 514 anneo
1229 469 1299 514 mee

79 548 159 612 ratio
180 549 330 616 dissentit
372 551 410 614 ln
431 549 582 636 excerptis
603 569 621 614 e
644 548 724 614 libm
745 547 787 613 de
807 547 1028 617 differentiis
1052 559 1088 618 et
1112 551 1298 618 societati·

79 650 147 714 bus
178 650 307 718 Graeci
337 651 531 737 Latinique
560 651 663 718 verbi
693 651 946 718 vindobonensia
976 652 1045 737 (rid.
1074 653 1242 738 prolegom.
1268 674 1298 738 p.

80 773 150 816 xrrr.
168 755 223 838 sq.)
243 753 363 838 signavi
385 773 476 839 supra
496 754 596 839 posito
615 753 647 818 in
667 753 763 818 altare
780 753 891 838 pagine
905 754 965 822 m.
984 755 1028 831 V„
1044 754 1075 818 in
1091 755 1185 820 altera
1199 756 1259 820 Ed
1274 775 1299 832 a,

80 852 181 939 iisqne
200 855 317 919 inserui
336 855 423 920 uncis
442 849 574 921 inclusos
594 855 728 940 capitum
747 875 893 919 numeros
908 856 1128 921 analectorum
1150 876 1299 940 mmmc-

79 954 228 1032 ticorum,
258 955 343 1020 unde
367 979 403 1022 ea
426 967 546 1045 sumpta
572 965 652 1023 sunt
696 958 734 1022 In
762 957 1040 1024 Commentariis
1064 966 1097 1024 et
1120 959 1153 1022 in
1178 958 1299 1024 Satur-

56 1087 58 1091 ·
81 1057 229 1122 nalibus
250 1058 340 1123 edam
362 1060 550 1145 singulorum
573 1060 707 1146 capitum
728 1060 893 1124 summarie
911 1060 951 1125 ab
971 1060 1111 1126 Arnoldo
1130 1059 1300 1125 Veseliemi

83 1159 255 1246 conscripta
276 1161 306 1224 in
327 1161 386 1226 boa
404 1171 550 1249 apparata
568 1162 676 1228 critico
695 1183 786 1226 snum
805 1162 907 1226 locum
926 1161 1040 1228 bebere
1058 1162 1173 1228 osani.
1204 1161 1300 1242 Quod

38 1343 41 1348 .
83 1260 181 1325 eidem
203 1261 317 1328 insemi
340 1265 514 1330 notationes
538 1265 677 1330 locomm
701 1272 733 1329 et
757 1264 798 1330 ed
823 1266 904 1349 quos
928 1271 982 1328 eut
1006 1263 1221 1330 concedentes
1246 1272 1302 1330 eut

82 1371 245 1448 sequentes
265 1365 297 1429 in
316 1387 373 1432 suo
395 1387 488 1452 opere
508 1366 634 1453 respicit
649 1366 840 1443 Macrobius,
873 1373 906 1431 et
926 1385 1008 1450 qnos
1028 1366 1117 1430 effert
1135 1387 1206 1430 cum
1226 1365 1301 1431 elio·

81 1485 150 1531 rum
171 1473 238 1532 tum
260 1468 418 1560 Ciceronis
439 1469 472 1533 in
493 1468 728 1535 Commentariis
750 1467 790 1532 ad
809 1467 877 1532 eius
900 1467 1060 1533 Somnbrm
1084 1466 1250 1552 Scipionis,
1270 1466 1302 1532 id

81 1569 181 1653 primo
203 1568 270 1648 leci,
287 1571 372 1656 quod
391 1570 466 1634 nibil
488 1576 645 1656 praeterea
665 1569 888 1634 buic'editioni
909 1589 992 1634 eram
1011 1568 1180 1646 additams,
1192 1568 1303 1634 deinde

81 1672 168 1736 nolui
191 1672 360 1758 quidquem
379 1680 513 1749 mamre,
540 1671 612 1756 quia
634 1671 676 1736 sio
695 1671 755 1736 hee
775 1670 948 1736 notationes
969 1671 1128 1736 minimum
1151 1678 1303 1757 occupent

83 1772 184 1856 spatii,
199 1780 230 1837 et
251 1774 324 1858 quia
346 1795 410 1838 non
430 1793 500 1838 raro
520 1773 623 1840 velem
643 1773 681 1838 ad
706 1772 797 1838 fidem
818 1772 986 1859 scriptume
1006 1773 1097 1839 alicui
1117 1781 1172 1838 eut
1189 1771 1301 1838 lacien-

86 1873 157 1938 dam
174 1881 229 1938 aut
250 1872 475 1940 detrahendam.

171 2077 260 2158 Quos
280 2077 471 2164 potissimum
494 2077 615 2144 codices
630 2087 756 2146 secutus
777 2078 889 2145 simin
908 2077 1140 2144 emendandis
1162 2076 1301 2143 blecro-

84 2180 134 2247 bii
155 2179 325 2266 operibus
346 2180 550 2248 demonstrari
571 2181 603 2246 in
627 2181 865 2267 prolegomenis,
899 2201 965 2266 cap.
986 2182 1039 2245 Va
1070 2180 1223 2265 reliquum
1245 2187 1302 2257 est,

83 2291 120 2347 ut
141 2283 179 2348 de
201 2283 319 2348 ratione
340 2269 507 2348 dicendum¹
526 2304 594 2348 esse
616 2284 769 2364 videatur,
804 2304 867 2369 qua
890 2282 924 2346 in
945 2282 1174 2358 constituendo,
1210 2301 1304 2366 mem

84 2385 202 2464 dicmat,
237 2386 400 2451 verborum
432 2393 580 2450 contextu
612 2405 687 2450 usus
724 2385 793 2450 sim.
836 2384 898 2450 Vix
922 2391 970 2447 est
994 2384 1079 2467 quod
1105 2401 1248 2446 moneam
1271 2381 1305 2444 in

85 2487 235 2552 eiusmodi
258 2487 436 2572 praesertim
463 2487 612 2570 scriptore
641 2485 856 2552 auctoritatem
887 2482 1029 2547 codicum
1057 2482 1223 2567 plurimum
1253 2502 1304 2547 ra·

84 2589 156 2654 lere.
200 2588 385 2672 Ubicunque
405 2587 498 2670 igitur
517 2586 674 2670 probabile
694 2585 771 2670 quid
789 2584 912 2648 codices
930 2582 1123 2660 exhibebant,
1143 2583 1175 2648 id
1194 2584 1304 2670 recepi,

87 2709 104 2754 e
140 2688 344 2754 deterioribus
376 2688 547 2763 dumtaxat,
582 2685 637 2750 ubi
667 2685 699 2750 id
731 2686 817 2771 quod
847 2685 880 2750 in
909 2685 1086 2751 melioribus
1114 2686 1303 2752 inveniebam

89 2791 215 2855 omnino
237 2809 301 2852 non
325 2787 486 2854 videbatur
501 2807 600 2873 posse
624 2787 756 2853 admitti:
787 2786 965 2873 ubicunque
987 2809 1061 2854 rero
1082 2789 1223 2854 codicum
1244 2810 1304 2875 ope

89 2909 172 2955 cram
195 2889 368 2967 destitutus,
385 2890 416 2954 id
434 2889 516 2976 quod
532 2890 706 2956 coniectura
729 2911 779 2954 me
798 2911 889 2975 posse
907 2891 1031 2976 assequi
1045 2891 1189 2975 putabam
1210 2891 1305 2956 malui

88 2993 119 3056 in
137 2992 333 3058 adnotatione
353 3011 468 3079 ponere
487 3012 578 3077 quam
602 2992 712 3058 eiicere
731 2991 926 3077 scripturam,
951 2993 1090 3077 wamiis
1109 2992 1227 3069 selsam,
1252 3015 1304 3057 co·

88 3095 188 3161 dicum
219 3093 266 3160 rel
298 3094 466 3160 editionum
496 3094 694 3181 plurimamm
726 3094 909 3159 auctoritate
937 3094 1103 3172 firmatam,
1137 3094 1196 3160 nisi
1227 3093 1306 3160 forte

88 3215 211 3282 pmrsus
226 3194 316 3260 'nulla
339 3194 454 3262 moveri
478 3216 569 3281 posse
589 3195 751 3262 videbatur
774 3196 939 3261 dubitatio:
970 3217 1033 3281 qua
1058 3195 1090 3260 in
1114 3217 1149 3262 re
1171 3205 1203 3263 et
1226 3196 1305 3262 mori

88 3298 207 3364 dicendi
238 3298 393 3384 scriptoris
420 3305 451 3362 et
476 3298 568 3363 nexui
592 3298 811 3364 sententiarum
837 3298 1002 3383 plurimum
1027 3299 1122 3364 tribui
1147 3299 1305 3364 momenti

87 3401 227 3466 Liberius
251 3400 426 3465 coniectura
448 3419 525 3466 usus
547 3420 615 3464 sum
641 3400 673 3463 in
692 3400 843 3484 excerptis
865 3400 1081 3484 grammaticis:
1110 3407 1147 3464 ut
1172 3420 1305 3484 quorum

87 3525 167 3568 unus
196 3509 316 3567 tantum
347 3509 480 3566 exstaret
509 3501 606 3566 codex
637 3521 731 3566 manu
763 3501 903 3586 scriptus.
952 3502 1054 3582 Quam
1087 3502 1119 3566 in
1149 3501 1306 3568 Ciceronis

89 3605 216 3672 Somnio
249 3604 400 3690 Scipionis
432 3604 507 3689 (cap.
532 3604 577 3681 ll,
604 3613 623 3680 s
649 3603 689 3690 3.)
719 3603 821 3688 recepi
846 3603 1052 3669 coniecturam
1075 3625 1093 3668 a
1118 3605 1152 3670 F.
1179 3604 1306 3671 Osanno

90 3705 305 3792 improbatam,
341 3727 408 3771 eam
439 3705 539 3790 aliqua
571 3726 607 3770 ca
636 3713 722 3792 parte
752 3705 785 3770 in
810 3705 969 3772 Addendis
994 3705 1157 3772 defendere
1178 3716 1306 3772 conatrrs

90 3829 170 3874 sum:
196 3809 259 3873 alia
284 3807 434 3895 proferam
460 3806 519 3871 alio
544 3807 622 3873 loco.
670 3809 957 3893 Interpungendi
987 3830 1053 3874 eam
1083 3816 1208 3874 secutus
1238 3827 1305 3871 sum

90 3911 252 3988 rationem,
280 3918 316 3975 ut
347 3917 532 3975 commatum
563 3909 802 3996 constringerem
827 3909 1044 3977 abundantiam
1070 3932 1132 3996 qua
1158 3906 1306 3973 distrahe-

90 4021 196 4078 rentur
215 4012 383 4078 sententiae
403 4010 539 4098 inprimis
561 4011 593 4077 in
616 4011 751 4079 editione
770 4013 943 4098 bipontina.
977 4012 1106 4077 seston
1126 4028 1201 4090 ergo
1223 4028 1306 4071 com-

90 4124 171 4182 mata
193 4135 379 4201 supervacua
400 4121 433 4178 et
456 4114 536 4179 inter
555 4123 732 4179 enumerate
756 4114 876 4199 singula
896 4113 1044 4181 vocabula
1067 4118 1099 4173 et
1121 4115 1192 4192 post
1213 4110 1307 4193 parti·

90 4217 167 4303 cipia
193 4226 226 4282 et
248 4237 284 4282 ee
310 4215 421 4302 quibus
447 4215 675 4282 includerentur
700 4218 868 4282 sententiae
891 4213 1046 4287 relativae,
1077 4229 1157 4294 quae
1182 4211 1306 4298 quidem

91 4321 237 4386 attributa
261 4319 638 4404 quaedam'continerent:
673 4317 727 4382 sed
750 4316 860 4400 reliqui
885 4334 935 4388 ea,
967 4311 1022 4375 ubi
1047 4311 1122 4398 qaid
1141 4316 1229 4400 quasi
1251 4337 1307 4402 per

91 4417 290 4508 παρένθεσιν
314 4421 451 4488 additum
477 4441 545 4485 esse
567 4418 734 4492 rideretur,
765 4417 812 4480 vel
837 4413 891 4478 ubi
921 4412 1040 4496 sublata
1063 4415 1307 4504 interpunctione
1325 4457 1339 4474 ·

92 4523 235 4608 implicita
260 4531 341 4588 esset
364 4521 522 4588 scatentia.
568 4519 743 4614 Semicolpn
762 4536 832 4581 raro
849 4518 1008 4603 usurpari,
1033 4522 1088 4589 ubi
1108 4521 1232 4607 quidem
1252 4521 1306 4584 lle·
