2950 4992
167 88 212 155 dd
646 82 856 152 Macaoltu

170 258 270 334 nitus,
303 261 339 322 ut
358 254 508 332 diximus,
543 251 713 340 inpeditur)
741 256 867 321 subesse
892 254 1046 341 repperiet
1066 251 1340 404 apprehendendae

171 342 299 426 vestigia
319 341 470 407 veritatis:
504 347 540 404 ut
561 359 631 404 ecce
654 340 854 406 Homericum
878 341 1032 406 somnium
1055 361 1073 404 a
1111 361 1185 417 ove,
1212 347 1248 404 ut
1268 338 1341 403 dici·

171 435 234 504 tur,
253 427 380 491 missum
400 424 439 490 ad
456 424 676 488 conserendam
695 424 801 491 futuro
823 426 873 491 die
891 446 961 490 cum
979 425 1120 491 hostibus
1138 445 1264 490 manum
1284 423 1343 488 sub

173 519 280 597 aperta
301 509 505 595 promissione
522 509 669 574 victoriae
688 531 774 596 spem
795 511 876 596 regis
897 510 1058 575 animavit:
1078 511 1139 588 ille,
1161 509 1246 576 velut
1267 507 1343 573 divi-

175 617 250 662 num
272 602 396 660 secutus
416 593 590 670 oraculum,
615 595 780 660 commisso
801 595 934 682 praelio,
960 594 1079 660 emissis
1099 615 1226 661 suorum
1248 592 1344 677 pluri·
1440 667 1442 670 ¹

56 699 65 706 ·
145 681 235 750 bmis
255 680 307 745 vix
328 698 481 764 aegreque
503 678 535 742 in
561 687 658 744 castra
680 682 838 747 remeavit.
881 682 964 747 Num
990 679 1151 745 dicandum
1177 684 1225 743 est
1252 677 1346 742 deum

176 764 337 831 mandasse
370 762 585 828 mendacium?
633 765 704 828 Non
732 765 776 829 ita
808 773 869 830 est:
908 765 976 843 sed,
1015 765 1086 850 quia
1124 765 1209 829 illum
1241 782 1347 827 casum

177 850 304 916 Graecis
324 848 385 914 lata
403 847 611 924 decreverant,
630 847 720 913 latuit
741 849 772 913 in
792 850 892 916 verbis
913 850 1034 927 somnii,
1053 849 1135 936 quod
1154 848 1346 914 animadver-

177 955 247 1000 sum
266 934 313 1001 vel
334 934 372 997 ad
393 951 465 996 vere
483 930 667 997 vincendum
687 933 736 999 vel
754 934 791 998 ad
812 935 981 1002 cavendum
1000 936 1108 1002 saltem
1130 933 1281 1020 potuisset
1301 931 1348 1014 in·

148 1022 309 1086 bstruere.
349 1015 466 1102 Habuit
487 1015 569 1080 enim
592 1019 782 1166 praeceptio,
809 1027 845 1085 ut
866 1020 1029 1086 universus
1053 1020 1275 1106 produceretur
1296 1038 1350 1081 ex·
1383 1029 1386 1032 ’

179 1103 307 1168 orcitus:
328 1109 362 1166 at
379 1100 432 1165 ille
449 1101 514 1166 sola
533 1101 688 1186 pugnandi
730 1105 883 1171 ortatione
902 1113 1065 1170 contentus
1084 1126 1147 1170 non
1167 1103 1252 1181 vidit,
1274 1100 1350 1188 quid

178 1187 218 1252 da
282 1185 456 1252 reducenda
494 1185 695 1251 universitate
737 1199 936 1288 praeceptum
975 1190 1029 1268 sit,
1071 1189 1350 1274 praetermissoque

180 1208 310 1348 Achille,
352 1271 386 1336 ui
406 1277 480 1335 tunc
502 1272 617 1336 recenti
639 1271 796 1338 lacessitus
818 1274 929 1338 iniuria
952 1273 990 1339 ab
1010 1272 1105 1338 armis
1125 1295 1196 1339 cum
1216 1293 1273 1338 suo
1294 1272 1351 1336 mi·

181 1357 236 1422 lita
258 1355 333 1420 leria
373 1363 440 1433 tur,
462 1376 518 1420 rex
538 1377 717 1442 progressus
738 1358 770 1423 in
794 1359 942 1444 praelium
965 1366 1000 1435 et
1016 1379 1119 1422 msam
1143 1358 1196 1443 qui
1220 1357 1352 1422 debeba-

181 1448 234 1507 tur
257 1441 392 1527 excepit,
426 1448 458 1505 ct
479 1441 610 1507 absolvit
630 1442 785 1507 somnium
807 1443 920 1508 invidia
943 1442 1128 1517 mentiendi,
1164 1463 1226 1506 non
1248 1441 1353 1506 omnia

154 1524 222 1592 'lde
242 1525 400 1612 imparatis
422 1527 590 1611 sequendo.
631 1527 743 1592 Parem
765 1527 975 1594 observantiae
997 1526 1186 1611 diligentiam
1209 1527 1353 1590 Homeri-

183 1631 237 1676 cae
257 1632 313 1696 per
332 1610 435 1676 omnia
455 1611 651 1696 perfectionis
669 1613 807 1678 imitator
823 1615 912 1680 Maro
933 1613 965 1677 in
984 1611 1096 1676 talibus
1114 1631 1239 1695 quoquc
1257 1611 1353 1692 rebus

185 1696 329 1781 'optinuit
371 1697 449 1761 Nam
471 1697 551 1780 apud
573 1697 659 1764 illum
681 1703 804 1763 Aeneas
823 1699 860 1764 ad
881 1697 1037 1783 regionem
1058 1693 1237 1759 instruendo
1256 1715 1355 1779 regno

186 1780 320 1846 letaliter
340 1779 512 1863 eligendam
539 1783 613 1845 satis
634 1783 819 1870 abundeque
840 1783 933 1849 Delio
954 1782 1121 1846 instructus
1146 1779 1286 1856 oraculo,
1324 1779 1358 1842 in

156 1860 323 1929 {terrorem
345 1872 450 1927 muron
470 1865 564 1928 unius
584 1867 668 1931 verbi
691 1867 832 1952 relapsus
852 1876 908 1934 est.
950 1868 1021 1932 Non
1043 1863 1167 1949 quidem
1189 1861 1290 1928 lucrat
1311 1863 1357 1929 lo·

186 1967 392 2031 eorumquae
413 1954 518 2030 petere
538 1948 665 2015 deberet
686 1972 801 2017 nomen
819 1951 985 2016 insertum:
1017 1950 1086 2026 sad,
1106 1969 1176 2013 cum
1197 1947 1284 2032 origo
1306 1969 1357 2014 ve·

135 2039 242 2110 [sthus
263 2037 425 2115 parentum
449 2033 605 2117 sequenda
625 2035 788 2112 diceretur,
811 2035 869 2100 luit
891 2037 923 2099 in
944 2034 1055 2111 verbis,
1078 2033 1161 2118 quod
1183 2031 1264 2097 inter
1285 2031 1360 2099 Cra·

188 2121 250 2179 tam
274 2121 306 2179 ct
326 2115 462 2192 ltaliam,
484 2137 563 2202 quac
584 2118 680 2203 ipsius
701 2121 801 2204 gentis
824 2128 964 2184 auctores
986 2125 1118 2203 utraque
1140 2117 1359 2202 produxerant,

188 2199 287 2284 magis
313 2200 490 2267 ostenderat
518 2210 564 2276 et,
602 2205 684 2289 quod
713 2205 814 2280 aiunt,
850 2204 945 2290 digito
974 2203 1200 2268 demonstraret
1230 2203 1360 2268 ltaliam.

188 2286 269 2352 Nam
297 2305 366 2350 cum
396 2285 526 2352 luissent
552 2287 622 2353 inde
652 2291 772 2354 Teucer
802 2287 874 2353 hinc
899 2288 1078 2365 Dardanum
1115 2307 1176 2352 vox
1204 2308 1288 2352 saera
1317 2287 1361 2352 sic

190 2369 251 2435 allo
296 2370 391 2435 endo:
410 2372 610 2439 Dardanidae
626 2375 708 2452 duri,
727 2381 832 2460 aperte
850 2372 1083 2439 consulentibus
1096 2372 1227 2450 Italiam,
1243 2373 1280 2438 dc
1320 2393 1360 2439 ua

190 2456 255 2521 Dar
276 2477 354 2521 anus
376 2456 531 2541 proiectus
557 2468 654 2537 esset,
690 2459 804 2525 obiecit
827 2458 1009 2545 appellando
1034 2478 1087 2522 eos
1114 2457 1250 2542 parentis
1278 2394 1360 2521 iliius

161 2542 332 2618 ananiae,
357 2542 446 2608 ouius
468 2550 534 2607 erat
553 2544 640 2629 origo
660 2546 774 2610 rectius
793 2544 940 2630 eligenda.
983 2545 1026 2608 Et
1047 2541 1097 2606 hic
1115 2550 1216 2607 certae
1237 2541 1361 2627 quidem

193 2626 436 2692 denuntiationis
456 2637 518 2704 est,
539 2630 621 2714 quod
644 2630 682 2694 de
705 2629 858 2716 Scipionis
881 2629 942 2693 fine
964 2627 1165 2712 praedicitur:
1193 2627 1247 2691 sed
1267 2626 1364 2712 gratia

193 2710 402 2776 conciliandae
421 2712 615 2778 obscuritatis
634 2715 748 2780 inserta
767 2714 919 2780 dubitatio
940 2713 1022 2780 dicto
1045 2721 1148 2778 tamen
1172 2713 1255 2797 quod
1276 2711 1364 2777 initio

195 2794 308 2859 somnii
327 2796 503 2862 continetur
519 2798 696 2866 absolvitur.
738 2801 818 2868 Nam
836 2822 907 2866 cum
924 2798 1050 2864 dicitur:
1081 2798 1215 2864 Oircur'tn
1231 2797 1369 2863 nctnroli

262 2946 332 2999 bier.
355 2945 620 3014 arsenicum]

195 3031 296 3083 lacuna
318 3038 362 3083 ert
380 3037 455 3098 onte,
472 3035 589 3104 diligens
611 3036 657 3088 cni
675 3032 761 3105 snpra
778 3037 914 3103 seriptum
931 3039 975 3088 ert
993 3033 1106 3087 nuditer.
1126 3057 1160 3072 -
1176 3031 1231 3083 nisi
1248 3039 1277 3084 ut
1294 3033 1368 3085 dixi-

195 3116 254 3150 mor
271 3100 399 3153 divinitus
417 3100 489 3152 Bran.
512 3130 539 3141 -
559 3105 734 3172 impediatur
750 3108 907 3175 v·gbBrur.,
931 3104 1006 3155 Mod.
1023 3102 1044 3152 l.
1060 3117 1084 3151 c.
1117 3099 1245 3166 impedit’
1263 3099 1314 3150 Ru.
1332 3128 1367 3139 -

197 3167 533 3287 ttttlrltttlalss
551 3171 853 3294 iiiibii‘iffl’
874 3165 1370 3291 attt⁵⁸.l.”ft“⁰l.ttt..¹³.trr

198 3299 325 3352 Pthvl.
348 3329 380 3339 —
401 3306 513 3358 revexit
535 3306 586 3356 ltl.
740 3314 765 3362 5.
800 3309 842 3361 nel
864 3309 901 3360 od
920 3305 1065 3358 cavendnm
1087 3303 1164 3366 (sup.
1187 3301 1251 3352 add.
1274 3316 1290 3351 a
1312 3317 1370 3353 ree.

167 3401 172 3407 -
198 3372 250 3428 nc]
268 3367 300 3419 F·
335 3371 430 3423 velud
447 3389 525 3426 vere
543 3375 689 3426 eocondvrn
705 3375 778 3428 Bra.
932 3377 958 3424 6.
992 3371 1058 3422 illo
1074 3367 1318 3438 praeceptionum
1335 3395 1372 3410 -·

198 3438 328 3489 exercitur
342 3441 532 3505 produceretur
548 3443 601 3510 RQ.
617 3469 651 3479 -
669 3446 748 3510 qood
768 3443 840 3495 Bra.
861 3469 888 3480 -
908 3458 967 3492 curn
983 3441 1067 3491 milite
1084 3443 1152 3498 (rim.
1170 3441 1232 3496 suo)
1248 3434 1319 3518 Bar..
1336 3464 1372 3476 -

197 3508 482 3639 trrttt'tllat
496 3508 1047 3642 liii..”LFt.J.i“ili.i⁸dia.src.
1070 3503 1373 3638 .⁹·...lt.”.'.tttt

199 3661 233 3674 -
252 3643 278 3687 er
293 3639 369 3688 aiunt
387 3646 456 3700 (orn.
475 3647 559 3710 quod)
577 3645 630 3696 Rr.
650 3672 679 3684 -·
704 3648 940 3698 demonrtrarent
958 3641 990 3690 Β.
1024 3645 1187 3690 monstraret
1205 3637 1256 3688 Rl.
1276 3665 1308 3675 -
1322 3640 1373 3710 fu·

200 3703 272 3753 ieret
291 3702 317 3752 G
336 3703 374 3767 (B
391 3722 453 3771 sup.
472 3726 527 3760 eor.
542 3710 586 3776 n).
605 3737 637 3748 -
656 3722 735 3765 roc'ro
753 3715 799 3764 rit
818 3713 867 3761 ΕΙ.
888 3738 917 3750 -
942 3708 1109 3772 alioquando
1127 3704 1158 3756 P.
1177 3733 1211 3744 -·-
1234 3705 1374 3758 Dardani-

200 3767 262 3836 dae]
286 3769 353 3820 Aen.
372 3770 429 3835 111,
450 3776 493 3824 94.
515 3805 550 3816 -
571 3781 706 3843 profectos
723 3788 772 3831 est
796 3777 852 3830 BL.
872 3805 905 3816 -
928 3775 1110 3844 appellantes
1132 3771 1184 3822 Rl.
1203 3800 1236 3810 -
1256 3773 1376 3840 parentio

201 3837 305 3902 ipsine
323 3837 398 3888 FRl.
418 3865 446 3877 -
466 3850 524 3894 crat
541 3845 603 3893 eoo.
620 3860 637 3895 u
654 3863 712 3897 een.
726 3863 763 3898 m.
781 3845 833 3897 Rss.
985 3845 1011 3892 9.
1046 3841 1083 3892 Et
1100 3839 1142 3890 bic
1159 3846 1246 3900 (corb
1265 3839 1293 3890 5¹¹
1312 3838 1375 3898 d00)

200 3904 274 3956 nnn.
309 3907 347 3958 Et
365 3905 408 3956 bie
423 3909 526 3960 modos
543 3909 600 3960 Tu.
614 3938 647 3949 -
663 3911 920 3964 denominationis
932 3909 967 3960 G.
985 3934 1017 3946 —
1034 3915 1072 3958 cet
1088 3907 1144 3974 qni
1161 3906 1191 3957 Ι..
1208 3932 1240 3946 ·-
1257 3906 1376 3958 indicio

201 3990 270 4040 v-g;
289 3972 433 4038 „ritioee“
452 3974 553 4040 Zeon.;
569 3979 729 4030 emendavit
745 3981 820 4032 Mod.
836 3979 870 4032 N.
885 3978 917 4029 11.
937 3995 963 4043 p.
981 3977 1041 4024 ³22.
1075 3975 1108 4024 in
1125 3973 1203 4025 initio
1216 3972 1250 4024 B.
1269 4000 1295 4011 -
1315 3989 1378 4024 oon·

201 4041 301 4095 tinctor
317 4042 413 4094 somnii
429 4043 481 4094 Μ.
503 4071 530 4083 -
550 4045 706 4100 obsolvitnr
721 4047 753 4100 Ρ.
769 4076 802 4087 -
824 4043 953 4110 Circuitu]
971 4042 1066 4095 Somn.
1082 4041 1121 4108 ll,
1138 4043 1164 4092 2.
1183 4067 1216 4080 -
1233 4040 1377 4095 naturalis

237 4191 406 4246 Homericum
435 4195 574 4266 nomnium]
608 4199 710 4264 „iliud
742 4198 768 4268 β’
851 4202 877 4248 θ.
912 4195 975 4247 inde
996 4193 1107 4256 Teucer,
1137 4190 1198 4243 binc
1222 4189 1378 4256 Dardanon]

202 4257 238 4307 eb
266 4257 359 4311 initio.
398 4260 548 4315 Caeterum
571 4266 705 4319 claririun
731 4268 766 4319 ad
818 4264 898 4316 (loni.
916 4259 1019 4328 Virgil.
1037 4258 1105 4309 Aen.
1123 4257 1179 4321 111,
1202 4261 1253 4309 104
1271 4275 1330 4324 sqq.
1351 4262 1381 4308 et

202 4323 223 4370 Ι.
243 4322 262 4370 Ι.
281 4333 358 4374 recte
377 4327 514 4380 Macrobii
533 4333 568 4384 de
585 4333 640 4386 lroc
657 4336 767 4386 somnio
819 4336 869 4382 let
886 4344 947 4394 sqq.
964 4332 993 4377 et
1009 4324 1068 4384 vn.
1087 4327 1140 4375 2⁴⁰
1155 4342 1214 4390 utq-
1231 4330 1259 4376 ⁰2
1274 4323 1381 4393 fl05¹ffi

202 4383 464 4450 interpretationem
488 4397 559 4451 dicit
581 4401 717 4454 minutiae
740 4405 769 4454 et
819 4411 929 4452 excors.
948 4391 971 4444 V
988 4398 1017 4446 ct
1034 4391 1070 4443 Vl
1087 4391 1123 4444 ed
1138 4391 1242 4444 librum
1259 4391 1310 4446 111.

206 4462 299 4500 nere·
315 4457 450 4517 nugaess‘.
462 4459 549 4517 Zaurr.
