2950 4992
242 175 381 243 COMM.
402 174 446 241 ΙΝ
467 172 594 243 SOMN.
616 172 714 242 8011).-
757 176 832 241 LIB.
854 176 893 241 Π.
936 176 1027 243 CAP.
1046 178 1114 243 XV.
1199 174 1262 243 203

93 350 171 425 ulio,
192 358 245 413 aot
264 349 301 412 ub
320 347 381 414 olio
401 357 535 413 οιοοααν
555 357 582 412 ct
598 346 660 411 abb
680 355 782 411 movet
824 345 867 411 Et
884 345 969 431 prior
989 346 1027 413 nd
1047 348 1197 427 animam,
1224 346 1263 413 ad

93 434 197 499 omnia
222 454 297 501 roro
323 453 451 518 corpora
477 430 631 497 secundus
655 430 797 496 refertur.
838 432 880 495 Hi
907 452 980 517 ergo
1009 433 1071 499 duo
1101 442 1204 499 motus
1231 442 1264 501 et

94 519 266 585 differentia
289 526 472 605 separantur
495 526 528 583 et
547 517 693 583 societate
716 516 902 601 iunguntur:
942 534 1106 584 commune
1129 518 1188 585 boc
1209 519 1262 585 ha-

93 606 183 683 bent,
219 605 302 691 quod
322 614 353 670 et
373 604 459 690 prior
479 611 511 668 et
531 602 685 669 secundus
707 609 834 668 movent
858 603 931 675 alia;
971 602 1031 682 hoc
1052 612 1154 669 autem
1176 606 1265 671 diffe-

94 697 183 769 runt,
220 691 305 777 quod
329 691 381 755 ille
411 710 489 773 ase
516 688 567 754 bie
593 690 632 755 ab
659 688 721 753 alio
750 696 901 754 movetur.
937 690 1005 771 ¹Eu
1031 688 1080 753 bis
1109 689 1313 767 omnibus‚2b

95 797 174 863 quae
194 784 281 842 eruta
303 776 342 841 de
360 775 589 840 Platonicorum
608 795 755 841 sensuum
775 774 961 839 fecunditate
980 774 1169 859 collegimus,
1193 796 1265 839 cou-

95 862 174 927 stitit
192 884 254 927 non
274 883 342 926 esse
363 882 471 927 verum
491 861 595 927 omnia
614 880 693 946 quae
712 868 877 927 moventur
896 861 935 927 ab
951 860 1012 927 alio
1035 861 1168 927 moveri:
1190 881 1264 945 ergo

94 969 152 1013 nec
173 948 358 1032 principium
379 954 484 1012 motus
504 946 543 1011 ad
564 946 784 1031 deprecandam
810 946 935 1013 alterius
957 947 1110 1013 moventis
1133 946 1264 1013 necessi-

93 1042 190 1100 tatem
212 1042 294 1098 stare
316 1032 451 1110 dicetur,
483 1032 556 1117 quia
577 1040 680 1117 potest
699 1053 732 1097 se
753 1032 869 1116 ipsum,
896 1039 932 1098 ut
956 1033 1105 1110 diximus,
1140 1052 1264 1099 movere

94 1120 155 1185 alio
177 1140 241 1183 non
262 1126 414 1183 movente.
456 1120 629 1183 Enervatus
651 1125 699 1182 est
717 1116 812 1202 igitur
833 1118 1040 1203 syllogismus,
1063 1140 1155 1203 quem
1177 1124 1313 1205 prae-27

96 1205 189 1269 missa
210 1204 294 1269 varia
315 1212 347 1269 et
368 1203 530 1289 multiplici
552 1204 701 1268 diuisione
719 1202 892 1287 collegerat,
915 1204 945 1269 id
966 1212 1028 1269 cst:
1048 1206 1159 1270 Αααηο
1175 1207 1266 1305 ανον

94 1291 209 1375 cipiunt
228 1301 325 1373 motus
346 1303 405 1356 cot:
440 1291 632 1377 principium
653 1301 751 1355 ouem
770 1301 866 1355 motus
892 1312 955 1355 οοο
982 1302 1131 1355 mouetur:
1172 1292 1266 1375 opiter

96 1376 200 1440 animo
219 1398 283 1441 ooo
302 1387 444 1443 movetur.
487 1378 610 1452 Restat,
631 1382 683 1451 ut,
704 1374 781 1460 quia
802 1375 940 1441 constitit
959 1396 1049 1461 posse
1072 1375 1187 1461 aliquid
1210 1396 1266 1461 per

98 1482 132 1525 se
153 1462 270 1527 moveri
293 1462 353 1527 alio
373 1483 437 1527 non
461 1469 620 1539 movente,
652 1460 787 1527 animam
809 1460 868 1525 hoe
889 1480 955 1525 esse
980 1460 1141 1527 doceatur:
1181 1461 1265 1546 quod
1314 1480 1320 1487 ·

96 1546 183 1612 lacilc
204 1548 373 1625 docebitur,
396 1548 421 1612 si
441 1548 479 1612 de
498 1546 667 1611 manilestis
687 1553 719 1610 et
738 1546 993 1613 indubitabilibus
1013 1554 1193 1632 argumenta
1214 1568 1267 1611 su·

96 1653 225 1698 mamus.
267 1634 395 1699 Homini
425 1640 544 1699 motum
570 1640 626 1697 aut
651 1632 755 1698 anima
781 1640 916 1717 praestat
937 1640 991 1698 aut
1012 1652 1124 1719 eorpus
1153 1641 1206 1699 aut
1228 1632 1316 1701 deas

96 1726 231 1804 utroque
255 1720 428 1803 permixtio.
472 1720 514 1783 Et
539 1718 612 1804 quia
637 1718 697 1783 tria
719 1726 793 1783 sunt
818 1717 993 1803 dequibus
1022 1718 1181 1805 inquisitio
1208 1718 1266 1784 ista

96 1805 249 1952 procedit,
286 1826 357 1871 cum
384 1824 486 1889 neque
511 1825 529 1869 a
557 1824 686 1889 corpore
714 1824 816 1889 noque
845 1825 863 1869 a
890 1804 1094 1888 permixtione
1110 1804 1265 1889 praestari

119 1910 157 1953 oc
177 1910 268 1975 posse
287 1890 476 1968 eonstiterit,
497 1897 608 1967 restat,
626 1897 663 1954 ut
682 1889 720 1955 ab
741 1890 843 1955 anima
863 1890 980 1955 moveri
1002 1889 1161 1955 hominem
1182 1890 1267 1955 nulla

97 1974 249 2040 dubitatio
276 1975 325 2040 sit.
367 1978 458 2055 Nunc
485 1976 523 2042 de
550 1976 681 2060 singulis
708 1996 745 2041 ac
772 1976 906 2061 primum
936 1975 975 2041 de
1003 1997 1132 2063 corpure
1160 1975 1318 2061 loque-29

98 2081 177 2127 mur.
231 2061 359 2128 Nullum
388 2061 559 2127 inanimum
587 2082 700 2148 corpus
725 2081 783 2126 suo
810 2068 898 2127 motu
926 2062 1044 2128 moveri
1075 2062 1267 2129 manifestius

98 2154 146 2211 cat
167 2165 260 2233 quam
281 2154 318 2213 ut
339 2146 542 2213 adserendum
564 2147 616 2213 sit:
655 2147 732 2221 uihil
754 2155 801 2213 est
822 2154 925 2213 aulem
946 2147 1046 2233 quod,
1073 2148 1147 2213 dum
1168 2148 1267 2213 inmo-

98 2232 161 2296 bile
183 2232 237 2309 sit,
257 2233 340 2298 aliud
364 2233 462 2318 possit
482 2253 621 2300 morere:
645 2234 740 2319 igitur
760 2254 871 2319 corpus
891 2233 1050 2299 hominem
1071 2254 1134 2298 non
1156 2242 1268 2299 movet.

98 2318 290 2399 Videndum,
317 2341 358 2385 uc
377 2320 457 2385 sorte
478 2321 599 2387 animae
620 2327 653 2385 et
672 2318 811 2406 corporis
832 2319 898 2405 ipsa
920 2318 1085 2405 permixtio
1105 2318 1188 2385 huuc
1209 2315 1319 2383 sibiae

526 2506 561 2521 ..a

888 2571 974 2635 [ΕΜ.
998 2567 1200 2640 ricubgcpdzb.
1309 2528 1315 2541 1

101 2652 312 2716 ‚‚b1s.et01.“
356 2662 404 2707 out
421 2671 449 2706 ae
466 2662 535 2716 (om.
554 2662 592 2718 ct)
615 2656 639 2707 B
659 2655 713 2717 (Rl
734 2669 822 2707 asco.
840 2659 900 2715 na).
917 2654 1097 2707 nassutio,
1124 2684 1160 2695 -
1184 2664 1270 2709 motae

100 2720 251 2786 diffoeurta
269 2726 338 2781 (om.
353 2727 392 2782 et)
410 2722 486 2790 ring.
637 2728 681 2775 26.
716 2725 761 2775 Ex
779 2723 897 2775 omnibus
911 2723 953 2775 leis
969 2724 1019 2775 Rl.
1037 2751 1064 2761 —
1084 2724 1203 2777 alteriue
1220 2742 1249 2777 c-

100 2788 152 2850 (ch
178 2789 208 2839 iu
229 2806 287 2856 mg.
310 2791 445 2851 alteruis)
471 2790 525 2842 112.
560 2792 735 2859 „Utrumque
760 2790 962 2857 repudiandum
988 2792 1061 2843 est.“
1089 2793 1175 2844 Zaun.
1209 2743 1271 2845 vul.

100 2862 158 2909 not.
179 2884 206 2893 -
227 2858 329 2908 dicetur
348 2866 419 2909 ctare
435 2856 468 2909 Β.
487 2885 521 2895 -
536 2862 600 2927 quio
615 2869 685 2928 port
704 2878 726 2911 c.
764 2860 827 2927 quia
841 2868 913 2926 poet
928 2868 1015 2928 potest
1034 2860 1083 2929 hg.
1120 2862 1169 2929 qui
1183 2870 1271 2930 potest

101 2941 127 2976 a.
144 2952 178 2961 -
195 2940 224 2975 oe
242 2925 327 2991 ipsum
346 2925 537 2995 mssa-gono
556 2931 593 2992 „4
611 2929 712 2995 Angl.“
748 2928 873 2992 „Sensus
892 2929 1029 2995 postulat,
1047 2944 1147 2997 nempe
1165 2930 1270 2995 princi-

101 2992 179 3059 pium
198 2996 320 3045 motus.“
342 2993 427 3045 Zeuu.
476 2996 660 3063 ccipias-z.
719 3064 725 3077 υ
822 3000 864 3047 27.
900 3004 938 3049 eat
958 2995 1095 3065 ergoFS
1113 2998 1270 3065 ‚Adnglf‘

101 3061 301 3181 {iiiiii}
321 3062 1271 3199 mit?.².’‘,:03‚¹2l'aat”t”tt²⁰;l.ll?Pet{tradit}

100 3197 134 3249 Β.
153 3224 185 3235 -
202 3214 336 3249 sumemus
355 3217 386 3250 ar
426 3208 515 3252 menta
533 3200 566 3251 Β.
717 3202 761 3251 28.
797 3202 850 3253 ista
865 3200 1002 3269 inquisitio
1019 3200 1070 3252 Rl.
1224 3205 1269 3253 29.

100 3266 291 3319 ἱαοοίοιοιαοι
309 3266 387 3330 „Tra
414 3270 444 3317 .“
463 3294 495 3306 -
512 3286 591 3336 οαοοο
608 3270 777 3321 αοοονεοάοοι
795 3273 870 3333 [sup.
889 3268 954 3319 add.
971 3274 1015 3328 ut)
1032 3268 1082 3319 Rl.

100 3338 143 3386 ³0.
178 3350 219 3387 ua
232 3336 307 3399 sorte
324 3334 355 3387 F.
372 3364 403 3375 -
421 3336 481 3404 ipso
495 3338 655 3391 commixtio
675 3336 708 3389 Β.
742 3336 881 3405 permixtio
898 3342 975 3403 [sup.
993 3335 1057 3388 add.
1076 3336 1150 3405 ipra)
1169 3336 1219 3387 Rl.
1237 3362 1270 3373 -

134 3574 178 3623 25.
217 3572 308 3623 Omnia
326 3578 412 3623 motus
435 3610 458 3623 ..
478 3580 503 3625 et
527 3572 584 3624 olio
606 3588 662 3624 aro·
711 3568 871 3657 welpoede
887 3571 1024 3623 κινεῖσθαι
1043 3568 1128 3638 μηδὲν
1147 3568 1272 3639 δευτέρα,

100 3641 155 3706 oct]
174 3639 216 3690 Gt.
228 3639 302 3691 Plat.
320 3640 354 3690 rte
370 3641 446 3707 legg.
463 3640 482 3691 1.
499 3639 533 3705 X,
548 3658 575 3707 p.
586 3644 661 3691 obba
712 3676 739 3692 ..
756 3652 882 3705 reposce
898 3629 969 3693 odra
990 3634 1077 3701 ὄντας
1099 3634 1212 3709 ἀψύχου
1226 3656 1272 3707 με·

94 3702 185 3760 Ἔστω
202 3706 297 3759 τοίνυν
314 3697 333 3773 ἡ
350 3702 399 3772 μὲν
421 3706 500 3775 ἕτερον
523 3702 662 3774 δυναμένα]
711 3702 831 3777 ταβολή,·

99 3778 185 3828 κινεῖν
201 3774 312 3841 κίνησις,
326 3771 428 3843 ἓαατὴν
441 3772 471 3829 di
482 3770 663 3828 ἀδυνατοῦσα
745 3780 789 3828 26.
824 3774 861 3827 ud
880 3775 1072 3843 deprecandam
1090 3776 1275 3829 altatarium.

101 3840 147 3897 ciel
161 3842 212 3909 μία
228 3860 280 3909 τις,
309 3836 328 3909 ἡ
350 3840 375 3895 δ’
392 3836 494 3913 baucio
509 3838 532 3894 τ’
556 3838 664 3895 αἰεὶκαὶ
712 3844 985 3897 ocutisoecearitatem
1001 3844 1082 3909 stare]
1100 3844 1198 3908 „llaec
1214 3842 1272 3893 lor·

101 3908 183 3980 ἕτερα
204 3906 352 3979 δυναμένη.
711 3913 787 3965 mula
807 3912 924 3965 eandam
942 3912 998 3967 rim
1016 3912 1115 3973 babet,
1139 3914 1272 3976 quaeest

133 3982 210 4049 prior
224 3982 261 4031 od
277 3981 405 4047 animum]
423 3980 467 4031 (lt.
483 3977 553 4032 ibid.
569 3996 598 4045 p.
609 3982 662 4030 895
712 3980 737 4047 [5
750 3982 801 4048 19.]
820 3980 918 4033 inille
936 3980 1144 4037 aestimationem
1161 3978 1272 4029 ulterior

102 4038 272 4115 seqfdicdr}
289 4043 366 4116 ψυχὴ
383 4041 523 4114 τοῦνομα,
539 4045 581 4105 τίς
597 4041 661 4098 rori·
710 4051 838 4102 moneatis
855 4049 999 4100 occludere.
1038 4047 1181 4113 Deprecari
1196 4044 1271 4099 euim

101 4132 153 4169 τον
175 4111 268 4200 lo'poc,
300 4111 396 4183 ἔχομεν
418 4110 501 4169 ἄλλον
521 4108 592 4181 πλὴν
612 4110 663 4167 τὸν
711 4116 857 4185 significat
872 4116 955 4169 valde
973 4114 1100 4183 precari,
1126 4119 1273 4165 elcanan·

100 4181 155 4237 otu
190 4184 225 4251 δη
260 4180 398 4266 ῥηθέντα,
431 4178 483 4252 τὴν
511 4178 664 4249 occupem
711 4186 767 4237 loci
791 4186 908 4237 remotis
931 4184 1021 4250 tropis
1042 4184 1126 4249 paulo
1148 4181 1271 4233 incolen-

103 4246 192 4318 αὐτὴν
210 4246 298 4319 αὐτην
315 4256 399 4306 κινεῖν
414 4253 529 4320 κίνησιν,
545 4258 663 4317 atquae
711 4253 832 4306 tioribuo
844 4252 892 4305 hir.
904 4256 959 4304 este
978 4250 1151 4318 Principium
1169 4256 1273 4315 motus,

105 4326 268 4384 sequautur.
713 4340 764 4375 sau
781 4322 855 4374 illud
872 4314 1066 4385 αὐτοκίνητον,
1083 4316 1202 4371 alterius
1219 4317 1272 4379 rai,

139 4387 176 4437 ad
201 4391 290 4440 cornio
312 4407 373 4442 occo
400 4406 511 4457 corporo
535 4387 664 4440 recondat
714 4406 784 4457 quac
802 4395 923 4453 moreat,
942 4388 969 4439 vi
987 4392 1016 4439 et
1033 4402 1086 4453 ope
1102 4403 1157 4438 uon
1175 4387 1272 4455 agct.“

104 4454 229 4521 reseas]
259 4455 304 4507 cr.
320 4458 391 4509 arsa.
413 4476 441 4525 p.
461 4460 523 4510 sor.
542 4446 592 4523 Ἆρ’
612 4444 664 4509 oda
714 4460 799 4511 zm.
817 4486 850 4497 -
867 4457 930 4509 vra.
950 4460 1007 4507 nor.
1025 4457 1060 4509 aa
1077 4454 1100 4519 r,
1118 4458 1145 4520 s,
1163 4458 1188 4506 4.

104 4518 157 4588 oriz
173 4514 197 4587 ἦ
219 4519 251 4573 δί
267 4516 359 4607 ἔξεοον
382 4522 411 4578 ἐν
430 4518 503 4597 ἄλλῳ
521 4520 664 4607 perception
746 4530 790 4578 29.
824 4526 928 4579 nullum
945 4524 1092 4577 inanimam
1115 4540 1208 4593 corpus
1226 4540 1273 4575 auo

104 4590 222 4658 κίνησις,
255 4606 326 4643 uoto
344 4588 374 4645 di
388 4588 419 4645 iv
434 4586 512 4662 αὖτῷ
527 4591 663 4658 primore
714 4594 909 4667 motumoocri]
926 4592 986 4647 Vid.
1006 4598 1061 4649 not.
1078 4592 1113 4649 ad
1128 4610 1151 4647 ο.
1164 4592 1273 4657 ΗΜ.
