2950 4992
232 173 369 242 0011Μ.
389 171 434 240 IN
453 168 580 238 SOMN.
600 168 699 236 suu.
742 169 817 236 LIB.
834 173 858 236 Ι.
902 171 990 239 οΑΡ.
1012 174 1096 241 XIV.
1203 175 1242 242 81

86 343 261 427 degenerat:
284 343 376 408 hahet
395 362 469 426 ergo
491 347 523 404 et
541 339 735 426 purissimam
757 361 805 422 eru
819 335 990 418 mentedo
1012 364 1072 429 qua
1095 353 1142 410 est
1163 349 1297 426 natatu]

86 429 247 505 rationem,
278 426 362 514 quod
382 422 516 508 λογικὸν
539 433 680 500 vocetur,
714 431 746 489 et
765 447 804 490 ex
826 445 881 490 sua
904 434 1012 492 natura
1030 431 1139 514 accipit
1160 453 1247 516 prae·

85 512 176 577 hendi
197 534 303 577 sensus
319 511 547 596 praebendique
567 510 748 572 incrementi
769 509 976 587 seminarium,
996 533 1129 596 quorum
1149 537 1246 582 unuin

84 593 274 679 αἰσθητικὸν
302 598 433 662 aiterum
462 590 601 679 φυτικὸν
628 601 831 679 nuncupatur.
876 593 935 658 Sed
965 609 1003 658 ex
1031 595 1079 660 his
1104 599 1248 682 primurn,

84 681 114 744 id
137 691 183 745 ast
205 679 353 764 λογικὸν,
383 679 466 765 quod
489 679 628 743 innatum
647 678 706 742 sibi
728 700 774 756 ex¹
788 686 891 742 mente
910 679 1054 765 sumpsit,
1080 681 1160 746 sicut
1179 704 1249 749 vere

85 764 222 830 divinum
242 775 304 842 est,
322 767 363 828 ita
386 764 458 828 solis
479 762 589 827 divinis
611 771 733 847 aptum:
770 763 889 848 reliqua
909 763 986 841 duo,
1007 761 1199 848 αἰσθητικὸν
1219 777 1251 832 et

85 847 241 933 φυτικὸν,
275 857 311 914 ut
336 870 354 912 a
382 846 492 913 divinis
516 847 677 924 recedunt,
710 849 754 912 ita
783 848 996 914 convenientia
1020 857 1093 914 sunt
1120 851 1250 916 caducis.

84 936 197 1000 Anima
219 955 292 1018 ergo
312 953 419 996 creans
437 931 496 995 sihi
518 931 715 1016 condensque
736 954 866 1018 corpore
887 941 973 1012 (narn
996 932 1065 1000 idco
1088 936 1126 1000 ah
1147 937 1249 1001 anima
1280 935 1302 1002 8

84 1028 195 1085 natura
221 1017 329 1102 incipit
350 1037 443 1100 quarn
465 1015 617 1100 sapientes
638 1016 676 1080 de
704 1015 762 1080 deo
787 1024 819 1081 et
843 1027 946 1082 mente
968 1020 1051 1088 νοῦν
1073 1022 1249 1099 nominant)

84 1127 122 1169 cx
144 1105 199 1169 iiio
220 1121 306 1166 rnoro
326 1122 361 1164 ac
383 1099 548 1185 purissimo
569 1099 654 1163 sonte
675 1100 802 1176 mentis,
841 1122 933 1185 quern
957 1105 1108 1169 nascendo
1130 1106 1168 1171 de
1189 1106 1251 1171 ori·

83 1189 165 1273 ginis
187 1207 261 1251 suae
282 1185 426 1250 hauserat
449 1185 550 1270 copie,
588 1205 715 1268 corpora
740 1185 790 1249 iiie
813 1184 916 1248 divina
940 1185 986 1249 vei
1010 1209 1135 1274 supera,
1176 1190 1251 1256 caeli

84 1275 155 1338 dico
173 1279 206 1335 et
224 1269 368 1346 siderum,
388 1290 467 1354 quae
488 1268 585 1352 prima
604 1269 765 1345 condebat,
783 1269 942 1334 animavit:
965 1268 1147 1356 divinaeque
1168 1297 1253 1338 men·

40 1386 49 1392 ,
86 1366 135 1421 tes
167 1356 313 1419 omnihus
349 1353 529 1438 cerporibus
564 1373 643 1438 quae
678 1354 710 1417 in
744 1353 873 1418 sormam
908 1360 1053 1433 teretem,
1091 1357 1121 1420 id
1147 1366 1196 1422 est
1222 1359 1254 1421 in

83 1440 235 1526 sphaerae
257 1439 398 1515 modurn,
433 1438 647 1509 formabantur
675 1438 794 1509 infusae
822 1445 909 1503 sunt:
948 1445 979 1504 et
1006 1438 1064 1504 hoa
1088 1448 1135 1505 est
1161 1442 1255 1527 quod,

84 1547 158 1592 cum
185 1525 224 1588 de
251 1525 347 1588 stellis
376 1524 570 1608 loqueretur,
601 1523 659 1587 ait:
699 1546 775 1609 puae
794 1523 906 1587 dahinis
934 1525 1083 1590 accusatae
1102 1528 1255 1590 meatibus.

85 1613 122 1675 In
150 1609 296 1674 inferiora
323 1628 397 1674 vero
423 1628 458 1672 ac
491 1615 615 1672 terrene
644 1607 834 1690 degenerans
866 1607 1060 1691 fragilitatem
1090 1631 1254 1695 corporum
1285 1609 1306 1673 9

85 1696 273 1760 caducorum
297 1691 500 1777 deprehendit
526 1713 640 1756 meram
663 1692 989 1757 divinitatemmentis
1017 1695 1169 1760 sustinere
1192 1717 1255 1760 non

85 1802 188 1866 posse,
210 1779 306 1843 immo
327 1786 445 1863 partein
468 1776 534 1840 cius
553 1776 602 1841 rix
625 1777 699 1840 sotis
719 1775 862 1840 humanis
884 1778 1064 1860 corporibus
1082 1781 1256 1856 convenire,

86 1866 159 1951 quia
181 1871 214 1928 et
236 1863 301 1927 sota
322 1862 466 1927 ridentur
487 1868 603 1935 erecta,
641 1868 799 1946 tamquam
828 1881 907 1944 quae
929 1861 966 1925 ad
994 1883 1103 1947 supera
1126 1864 1164 1928 ah
1188 1864 1257 1928 imis

86 1950 244 2024 recedant,
262 1954 294 2012 et
314 1946 379 2012 saia
399 1945 516 2010 (nedum
537 1944 623 2009 facile
640 1953 796 2030 tamquam
819 1965 940 2028 semper
960 1957 1060 2011 erecta
1077 1969 1129 2012 sus
1152 1948 1258 2024 iciunt‚

87 2035 227 2119 solisque
254 2033 335 2096 inest
359 2031 407 2096 vet
433 2028 468 2123 in
494 2030 592 2115 eapite
616 2029 764 2115 sphaerae
787 2029 968 2106 similitudo,
1008 2051 1101 2116 quam
1128 1969 1258 2098 hermam

87 2119 226 2184 diximus
244 2117 341 2181 solam
364 2114 475 2179 mentis
498 2135 649 2198 capacem.
703 2113 768 2179 Soti
789 2134 862 2197 ergo
886 2113 1003 2179 hornini
1026 2117 1193 2193 rationem,
1228 2113 1310 2182 idid

89 2211 139 2268 est
159 2203 222 2268 viui
245 2200 371 2276 mentis,
391 2198 518 2274 infudit,
540 2200 589 2263 cui
612 2199 700 2263 sedes
724 2199 874 2287 incapite
897 2207 958 2263 est:
981 2201 1033 2284 sed
1055 2208 1086 2266 et
1106 2202 1259 2286 geminam

91 2289 176 2352 iiiam
199 2285 350 2351 sentiendi
373 2283 591 2368 crescendique
614 2294 773 2360 naturam,
805 2284 876 2368 quia
899 2283 1048 2350 caducum
1070 2295 1117 2351 est
1139 2307 1260 2371 corpus,

91 2371 235 2438 inseruit.
278 2372 321 2435 Et
342 2368 415 2432 hinc
439 2375 488 2432 est
511 2368 594 2453 quod
616 2368 709 2433 homo
731 2377 764 2433 et
783 2368 910 2432 rationis
929 2389 1054 2454 compos
1076 2378 1124 2436 est
1142 2379 1174 2435 et
1193 2364 1308 2436 sen-ll

91 2458 131 2522 tit
148 2465 181 2522 et
202 2455 321 2531 crescit,
339 2452 465 2537 solaque
485 2453 604 2516 ratione
625 2453 739 2518 meruit
754 2460 913 2536 praestare
930 2455 1039 2520 ceteris
1062 2456 1244 2521 animalibus
1251 2462 1312 2530 :1⁷11

90 2563 174 2628 quae
194 2541 268 2626 quia
289 2557 411 2622 semper
427 2556 525 2624 prona
546 2543 621 2602 sunt
645 2545 677 2601 et
703 2558 742 2602 ex
770 2537 835 2623 ipsa
855 2558 980 2624 quoque
1000 2540 1185 2626 suspiciendi
1205 2539 1261 2606 dir-

892 2758 976 2820 [Edd.
994 2757 1196 2828 rieahgspdah.

91 2857 223 2909 corporea
250 2839 295 2906 (ut
321 2842 394 2893 duue
421 2841 479 2892 aiut
507 2840 604 2906 rocca)
630 2841 704 2892 hae.
732 2868 764 2878 -
793 2849 860 2894 nata
882 2851 921 2896 est
949 2843 1000 2893 Rl.
1028 2871 1060 2882 -
1087 2862 1118 2896 aa
1140 2862 1191 2898 aaa
1213 2863 1265 2898 na-

90 2919 158 2962 tura
176 2911 244 2971 (orn.
265 2909 304 2973 et)
326 2925 369 2960 ve.
385 2937 417 2946 -
440 2909 581 2961 arthetican
597 2925 679 2959 unum
702 2908 751 2959 112.
776 2937 802 2946 -
828 2910 940 2962 alterum
963 2906 1079 2976 φντικὸν
1099 2929 1152 2964 orn.
1177 2914 1207 2965 P.
1232 2939 1264 2952 -

91 2979 203 3042 reliqua
227 2993 302 3026 uera
323 2978 375 3028 dua
401 2977 453 3026 Rl.
474 3005 511 3016 -
532 2976 719 3026 convenienda
742 2975 772 3024 h.
934 2981 959 3028 Β.
998 2994 1090 3029 meana
1112 2985 1179 3046 (orn.
1201 2980 1265 3039 atta]

92 3044 177 3096 a-ur’.
213 3041 312 3108 „hihri
330 3061 427 3094 ornnes
440 3060 533 3094 aream
549 3044 627 3094 sitir‘
646 3043 731 3095 Gran.
751 3069 783 3080 -
801 3043 915 3093 eandem
927 3043 1036 3110 corpora
1058 3063 1199 3113 nouasque
1217 3047 1267 3099 sihi

91 3115 146 3164 Rl.
170 3139 199 3149 -
221 3111 268 3161 ino
286 3116 355 3170 (orn.
373 3117 457 3170 merc)
476 3111 547 3169 una.
567 3138 600 3149 -
617 3111 751 3161 cotidida't
768 3109 839 3160 Ber.
856 3136 888 3147 -
911 3111 1029 3162 omnihus
1046 3116 1196 3180 corporihar
1212 3131 1267 3166 orn.

92 3181 169 3230 Burr-
189 3205 224 3215 -
245 3195 338 3244 sperae
355 3179 383 3228 in
399 3179 506 3230 madum
523 3177 554 3227 F.
578 3205 604 3214 -
624 3180 792 3242 formantur
811 3175 907 3226 Bane.
927 3205 961 3216 -
988 3181 1138 3232 omnihus
1155 3199 1267 3249 carpo-

92 3248 189 3298 rihus
207 3247 325 3308 insanae*
340 3246 410 3295 Bru.
580 3249 605 3294 9.
642 3245 775 3308 insertare
794 3248 862 3301 [orn.
881 3244 923 3304 in)
942 3244 976 3295 G.
999 3273 1032 3283 -
1055 3249 1269 3315 degeneraueris

93 3323 202 3365 terrena
224 3312 255 3363 F.
276 3339 309 3351 -
330 3313 497 3363 diuinitatem
514 3313 641 3362 sustinere
655 3312 749 3364 mentia
768 3309 819 3360 ue.
841 3338 874 3349 —
898 3318 1032 3376 tamquam
1050 3315 1118 3377 (om.
1142 3315 1226 3430 puae)
1245 3315 1268 3364 P

94 3381 221 3432 unare.
245 3407 276 3416 -
296 3397 421 3446 superna
437 3379 465 3428 h.
482 3406 516 3416 -
528 3379 616 3443 facile
632 3379 734 3428 coelam
752 3376 783 3427 F.
819 3377 920 3427 eoelum
935 3379 1139 3441 fecialium(
1178 3397 1269 3432 usco.

94 3455 147 3509 m.)
170 3476 196 3485 -
221 3447 348 3512 diximus]
372 3445 415 3496 01.
433 3463 457 3496 c.
477 3449 522 3508 12,
541 3446 594 3509 §5-
751 3448 791 3494 10.
829 3444 886 3495 Soli
902 3444 1014 3510 igitur
1030 3445 1122 3512 cth.
1146 3476 1171 3484 —
1195 3464 1269 3498 mea-

94 3518 129 3568 tis
146 3517 203 3566 vim
222 3515 272 3563 ue.
290 3540 322 3552 -
341 3513 472 3564 uescendi
488 3512 668 3578 sentiendique
684 3526 746 3576 r-g.
899 3513 940 3559 11.
975 3513 1088 3564 rationis
1104 3531 1212 3581 capua
1227 3515 1271 3564 112
1308 3531 1312 3535 ·

94 3583 146 3644 (ch
166 3583 195 3634 in
216 3588 298 3646 mg.).
320 3607 353 3618 -
374 3595 459 3646 prona
479 3587 540 3630 sunt
557 3595 657 3644 semper
679 3578 731 3627 Rl.
754 3603 786 3612 -
809 3591 841 3627 er
859 3577 918 3643 ipsa
934 3595 1065 3645 quaeque
1085 3583 1155 3650 v-gh
1178 3581 1270 3648 „quod

94 3667 150 3704 non
167 3648 295 3702 aiieuum
311 3653 339 3700 ct
354 3649 390 3700 ah
406 3663 457 3698 unu
473 3646 611 3698 Macrobii
627 3645 784 3697 abhorrens
804 3648 846 3694 est
862 3643 1108 3701 existimandumf‘
1130 3650 1215 3702 Zeuu.
1239 3677 1271 3688 -

122 3861 207 3936 'quad
225 3861 334 3931 λογικὸν
352 3872 461 3916 uocatur
477 3863 543 3929 ete]
574 3862 616 3920 cf.
640 3862 665 3928 1,
712 3861 861 3930 principia,
886 3863 955 3929 quad
973 3873 1010 3918 eet
1027 3869 1143 3929 caelum,
1166 3867 1273 3920 taudem

98 3939 143 3999 12,
156 3937 200 3986 11.
239 3927 405 3996 αἰσθητικὸν
420 3938 448 3982 et
458 3925 575 3997 φυτικὸν
588 3947 665 3981 eorn-
776 3946 892 3980 remeare
909 3930 1071 3993 (enimam).

96 4006 296 4056 memorentur
315 3998 401 4049 etiarn
421 3999 495 4050 infre
519 3998 542 4062 1,
562 4002 602 4061 19,
621 4001 664 4048 23.
750 4000 775 4046 9.
812 4014 879 4062 qaae
902 3999 938 4048 ad
957 4015 1053 4067 supera
1072 4001 1104 4050 ah
1126 3999 1186 4050 imin
1202 4013 1274 4048 rece-

716 4063 793 4128 dant]
818 4062 859 4113 01.
873 4062 931 4116 cic.
949 4065 983 4114 dc
1002 4070 1033 4115 N.
1047 4067 1078 4117 D.
1092 4067 1134 4126 11,
1149 4069 1197 4126 56,
1216 4065 1274 4113 lto.

719 4131 788 4180 Sunt
810 4131 879 4180 enim
900 4139 1003 4182 eterra
1022 4133 1150 4192 heminae,
1175 4149 1227 4181 nan
1246 4137 1276 4182 ut
1345 4181 1347 4184 .

717 4196 912 4262 incolitantque
929 4197 1099 4262 habitatores,
1115 4198 1161 4250 aed
1180 4197 1276 4264 quati

717 4269 923 4328 spectatores
951 4279 1143 4330 superarum
1170 4281 1276 4316 rerum

718 4337 817 4394 etque
836 4329 1046 4395 caelestium,
1083 4349 1195 4399 quarum
1215 4348 1275 4398 spe-

131 4105 159 4152 8.
197 4100 232 4150 ah
249 4098 341 4148 anima
359 4105 459 4150 natura
477 4097 569 4163 incipit
585 4115 665 4164 quam

30 4166 34 4170 ’
168 4166 239 4218 νοῦν
261 4165 410 4230 nominant]
439 4165 480 4214 01.
505 4165 518 4230 ξ
542 4169 567 4214 t.
590 4159 667 4216 hahet

100 4251 168 4302 erga
177 4231 302 4295 (anima)
314 4239 338 4283 et
349 4233 519 4299 purissimam
533 4248 564 4282 ea
573 4240 667 4295 mente,

101 4302 136 4351 de
152 4317 206 4365 qua
223 4307 262 4351 est
279 4304 360 4361 nata,
375 4300 518 4359 rationein,
536 4299 605 4364 quod
623 4298 668 4348 λο-

101 4364 182 4432 Ὺῑκὸν
200 4373 323 4427 'mmm’
342 4382 425 4431 ‘lum
444 4364 582 4418 ‘mmm
600 4365 669 4416 ‘¹5⁰³‘
706 4395 852 4446 ‘etaauium
879 4396 916 4446 ad
948 4397 1051 4450 nullum
1083 4399 1159 4450 aliud
1191 4414 1277 4467 genua

100 4449 295 4565 cericus*
303 4431 670 4553 interscindit
718 4462 1033 4598 panepenna
1061 4465 1138 4538 en

1103 4621 1123 4689 6
