2950 4992
601 137 736 205 CAPUT
759 139 798 204 11
1256 161 1315 206 xut

69 323 159 361 vero
182 309 293 362 omnino
314 323 409 362 remim
431 321 572 361 esse-non
590 322 693 375 posse,
713 309 906 374 ltartbiunqaa
923 310 1069 374 deceptum
1085 323 1153 364 esse
1172 307 1314 376 tigmentis

69 395 227 463 Pontanl,
244 389 428 448 cilius'editio
449 395 527 458 prior
545 394 574 443 in
591 395 682 444 lucem
701 393 755 444 iam
773 395 917 457 prodierat
932 409 1013 458 quum
1031 398 1102 447 baec
1119 396 1236 460 scripsit
1251 397 1312 464 ilie,

71 481 222 542 exposita
243 481 469 542 saturnaliorum
490 480 580 528 torma
602 482 686 541 atque
710 478 896 540 dispositione
917 480 1002 530 facile
1022 481 1205 545 intelligetur.
1256 482 1313 532 sed

71 563 171 614 etlam
190 559 226 626 ex
250 567 285 615 iis
307 579 378 628 quae
397 564 479 614 modo
497 563 676 624 protulimus
686 567 765 624 patet
787 564 839 612 bos
859 562 1122 616 Commentariorum
1140 566 1229 616 libros
1245 577 1313 616 csse

70 660 157 709 opus
177 650 289 711 plenum
306 654 391 711 atque
408 648 580 698 absolutum:
599 653 683 710 atque
700 647 848 709 utriusque
865 647 960 709 operis
975 650 1089 700 formam
1105 650 1169 700 bula
1187 650 1313 713 opinioni

71 734 193 783 obesse
215 734 278 798 ipse
298 735 368 783 vidit
385 731 524 782 Bartbius.
558 733 611 780 tad
630 732 721 795 magis
740 733 823 781 etiam
842 733 995 795 urgendum
1011 734 1101 782 estin
1118 736 1312 786 saturnalibus

69 821 203 878 praeter
218 819 299 892 primi
316 817 382 867 libri
401 815 599 878 praefationem
617 829 767 883 nusquam,
791 820 823 866 nt
840 817 869 866 ln
888 817 930 866 bis
947 815 1043 881 libris,
1066 829 1121 866 suo
1140 819 1250 868 nomine
1268 820 1313 868 lo-

72 903 128 964 qui
150 903 346 968 Macrobium,
380 913 469 963 neque
492 901 519 950 in
538 900 622 966 pilius
647 901 711 950 libri
736 901 875 964 principio
901 901 960 969 sic,
991 905 1022 952 ιιι
1044 901 1074 952 in
1099 901 1313 953 Commentariis

71 989 169 1036 modo
191 987 375 1050 ostendimus,
391 987 496 1048 alloqui
512 986 690 1037 liuataeblum
709 983 804 1037 lilium.
857 986 971 1037 Minime
996 999 1066 1038 vero
1093 988 1166 1036 bane
1186 987 1314 1050 disputa-

71 1071 194 1120 tionem
214 1073 247 1120 de
268 1070 413 1120 Ciceronis
432 1069 544 1120 Solonio
563 1070 705 1132 scipionis
724 1071 752 1120 in
772 1072 967 1132 saturnalibus
987 1071 1076 1123 inisse
1098 1072 1220 1134 positam
1246 1075 1313 1122 anta

75 1167 118 1202 ea
147 1167 222 1217 qtrac
248 1155 286 1205 ibi
307 1155 483 1206 disseruntur
505 1156 539 1204 de
558 1158 675 1206 Marone
696 1154 724 1220 1)
747 1159 826 1216 patet
851 1168 887 1204 ex
910 1155 947 1204 ils
970 1169 1040 1218 qaae
1063 1156 1184 1219 legimns
1206 1159 1266 1208 sat.
1288 1157 1312 1222 l,

74 1237 130 1302 at,
156 1239 214 1288 25st
250 1239 295 1290 De
316 1239 476 1303 Cicerone,
500 1239 653 1307 Evangeie,
672 1239 718 1306 qui
735 1239 861 1290 coaoieiia
877 1238 1077 1304 inpenetrabilis
1091 1247 1147 1303 eat,
1169 1249 1245 1308 post
1262 1241 1311 1291 oi·

75 1322 248 1374 dabimus.-
283 1341 380 1387 auae,
414 1323 479 1390 qaia
501 1323 539 1376 de
564 1323 701 1374 Marone
723 1322 956 1390 aobisaegctiam
975 1330 1028 1384 est,
1060 1325 1220 1389 respoudeat
1241 1325 1311 1389 ocio,

73 1414 173 1458 utrum
194 1415 290 1474 poetae
312 1409 390 1460 baiae
413 1423 495 1476 opera
517 1407 688 1458 instituendis
709 1413 813 1462 tantam
834 1407 925 1473 pueris
947 1405 1044 1456 idonea
1065 1406 1175 1471 iudices,
1200 1423 1237 1458 aa
1255 1407 1313 1458 alia

72 1491 135 1542 iltis
155 1493 257 1544 altiora
275 1493 359 1544 inesse
370 1493 503 1558 fatearis,
535 1505 606 1553 quae
626 1492 747 1541 forsitan
765 1491 828 1553 quis
846 1490 1002 1540 adhibuerit
1017 1492 1052 1540 ad
1070 1490 1311 1552 demonstrandum

73 1575 105 1624 in
125 1578 327 1627 saturnalibus
347 1579 381 1627 de
400 1578 542 1626 Cicerone
559 1576 650 1625 tuisse
668 1587 833 1626 sermonem.
884 1578 921 1624 Δι
937 1575 1020 1624 etiam
1039 1579 1124 1638 atque
1141 1576 1225 1626 etiam
1237 1591 1313 1644 'con-

75 1661 179 1725 tendo,
199 1662 280 1711 nisus
299 1661 425 1722 inprimis
442 1661 479 1710 ils
498 1672 569 1721 quae
580 1659 743 1709 Macrobius
761 1659 796 1708 de
814 1659 989 1710 sermonibus
1006 1674 1025 1710 a
1041 1661 1164 1724 singulis
1181 1662 1310 1712 convivis

77 1745 220 1794 habendis
239 1745 383 1806 praemisit
400 1745 464 1794 ibid.
482 1743 541 1810 §lb
555 1757 626 1806 sqq,
645 1744 716 1793 tales
734 1745 949 1794 commentarios
962 1744 991 1794 ln
1001 1746 1225 1797 saturnaliorum
1241 1759 1312 1798 ecn-

78 1828 179 1878 silium
198 1841 254 1879 ncn
275 1829 395 1891 intrare,
423 1833 467 1893 et,
501 1828 525 1877 si
545 1827 607 1890 quiid
625 1827 763 1878 eiusmodi
781 1841 816 1877 ex
834 1828 892 1878 illis
910 1829 1005 1880 verbis
1023 1831 1244 1882 concludendum
1261 1832 1309 1900 sit,

77 1913 109 1962 id
128 1925 211 1974 esse,-
225 1917 256 1962 ιιι
273 1916 429 1962 statuamus
446 1912 616 1963 Macrobium
634 1911 750 1962 almilem
768 1914 802 1962 de
821 1913 961 1964 Cicerone
980 1927 1149 1977 componere
1166 1916 1308 1980 dialogum

76 1996 106 2044 in
126 1996 223 2046 animo
241 1997 387 2063 babuisse,
420 2001 521 2058 postea
540 2010 608 2048 vero
636 1997 687 2046 bos
710 1998 846 2048 maluisse
868 2000 1052 2051 conscribere
1072 2002 1307 2066 commentarios3

78 2082 156 2143 quod
180 2081 206 2130 si
235 2093 330 2132 verum
352 2085 411 2144 est,
445 2087 511 2144 post
532 2081 696 2134 saturnalia
720 2082 821 2147 scripti
847 2096 915 2134 essa
943 2085 1057 2147 putandi
1084 2090 1152 2136 aunt
1176 2085 1205 2136 bi
1230 2098 1308 2136 con-
1346 2079 1359 2102 ⁹

79 2165 219 2215 mentarii.

147 2250 182 2301 11.
222 2250 261 2300 De
277 2250 433 2315 differentiis
451 2258 476 2304 et
490 2251 658 2304 societatibus
678 2251 775 2304 &aeci
795 2251 938 2318 Latinique
954 2253 1027 2304 serbi
1044 2253 1119 2305 iiber.
1159 2252 1183 2303 1.
1217 2251 1308 2302 unias

79 2334 144 2386 libri
162 2340 276 2386 exstant
295 2338 482 2386 tantummodo
500 2342 635 2400 excerpta
652 2339 798 2398 quaedam.

150 2425 181 2479 a)
197 2423 338 2481 nxcerpta
353 2434 425 2482 quae
444 2421 472 2470 in
490 2421 615 2471 omnibus
628 2422 840 2482 ,exemplaribus
860 2419 923 2470 inda
939 2432 957 2468 a
971 2419 1101 2469 Pontano
1119 2418 1307 2483 (nabitavit)

81 2503 166 2554 editis
181 2505 315 2567 leguntur
332 2505 367 2553 ab
384 2503 520 2566 Cpsnpo
530 2517 568 2554 eo
588 2505 702 2564 primum
716 2517 742 2554 a.
755 2503 981 2554 billbllxllvlll
997 2502 1074 2552 edita
1087 2506 1155 2552 sunt
1171 2502 1308 2555 inlunem

81 2588 218 2638 ecodice
235 2587 427 2652 Parisino,
449 2587 574 2648 quierat
591 2575 868 2637 Petri'I’ittboei.
960 2617 963 2622 -

153 2674 184 2729 b)
202 2672 264 2720 Alia
280 2675 416 2732 excerpta
433 2683 449 2719 e
466 2670 564 2720 codice
584 2670 727 2737 bobiensi,
746 2685 820 2722 nunc
839 2671 1112 2722 Vindobonensl
1129 2672 1235 2739 (xvi),
1253 2687 1306 2726 na-

83 2769 135 2818 per
159 2755 304 2804 ediderunt
330 2756 500 2816 losepbus
517 2757 555 2804 ab
574 2755 781 2806 Eicbenieid
804 2762 833 2807 et
854 2757 1052 2818 Stephanus
1069 2757 1254 2810 lindllcber
1274 2761 1305 2810 in

84 2839 231 2893 analectis
250 2839 449 2905 grammaticis,
464 2841 619 2892 vindobon.
638 2840 902 2894 MDCCCXXXVH
922 2841 951 2902 in
972 2840 1306 2909 4⁰.p.1su-1tt.,lan-

84 2925 222 2974 tummodo
240 2926 275 2972 ad
294 2924 436 2974 duodecim
454 2925 540 2986 prima
558 2930 587 2975 ct
602 2927 636 2976 ad
654 2927 777 2978 ultimum
793 2941 891 2979 eornm
908 2926 1119 2989 capitumqaae
1139 2927 1169 2976 in
1185 2941 1304 2991 excerp-

83 3011 121 3060 tis
138 3007 273 3058 Parisinis
291 3008 500 3072 distinguuntur
516 3011 702 3077 pertinentia,
736 3012 765 3061 ln
784 3013 884 3075 quibus
902 3017 992 3061 tamen
1010 3012 1145 3061 nonnulla
1159 3012 1304 3062 continent

85 3105 154 3157 quae
171 3094 201 3142 ln'
215 3093 264 3143 illo
282 3098 348 3143 sant
367 3095 488 3158 omissa,
513 3095 578 3145 ides
596 3095 763 3157 praesertim
782 3076 855 3158 quod
872 3095 918 3158 qui
933 3098 1003 3146 baec
1020 3102 1156 3158 excerpta
1171 3098 1303 3162 coniecit,

85 3178 172 3242 magis
189 3179 222 3228 ad
243 3179 370 3230 butinam
387 3179 525 3242 linguam,
543 3180 590 3242 qui
612 3180 758 3245 Parisina,
780 3182 815 3231 ad
835 3182 970 3231 Graecam
989 3181 1080 3245 magis
1096 3182 1223 3244 respexit
1241 3182 1279 3247 1).

60 3321 65 3338 ¹
148 3267 178 3322 c)
192 3263 273 3314 Aliud
295 3267 470 3328 excerptum,
490 3265 540 3314 sed
559 3264 701 3328 exiguum,
722 3267 757 3315 ad
777 3271 862 3328 caput
883 3270 986 3314 tantum
1005 3267 1053 3315 iv.
1069 3266 1225 3330 pertinens,
1243 3266 1304 3317 edi·

86 3351 137 3398 tam
153 3353 196 3398 est
212 3360 248 3398 ex
265 3349 361 3398 eodem
381 3348 431 3398 illo
447 3343 546 3398 codice
565 3348 593 3397 in
612 3349 709 3400 iisdem
728 3350 875 3400 Analeetis
893 3364 919 3412 p.
937 3349 996 3400 tat.

145 3433 176 3490 ιι)
196 3433 259 3481 Alia
278 3433 424 3483 etiamnum
445 3435 533 3482 adbuc
551 3433 656 3482 inedita
674 3438 809 3496 excerpta
826 3447 862 3484 ex
881 3436 934 3484 boc
952 3433 1041 3492 libro,
1075 3431 1103 3480 in
1127 3431 1227 3494 qulbus
1251 3445 1303 3484 ex·

86 3521 193 3577 cerptor
209 3517 310 3567 Latina
323 3518 436 3578 ,prolixe
457 3523 486 3567 et
504 3519 590 3568 terme
612 3517 694 3568 unica
717 3523 924 3584 persequatur,
951 3517 1083 3567 dicuntur
1103 3518 1249 3568 asservari
1271 3518 1302 3572 ln

86 3601 293 3652 bibliotheca
318 3603 519 3666 ltqrbonica
549 3603 668 3664 Neapoli
694 3603 765 3668 (vid.
782 3602 903 3654 iannelii
921 3601 1013 3654 Catal.
1033 3602 1099 3652 bibl.
1122 3599 1300 3655 Borboniaae

261 3685 287 3730 Ο

85 3888 160 3941 libris
178 3887 296 3942 inventis
316 3877 385 3958 opina
404 3892 468 3957 erit,
486 3891 542 3944 ut'
534 3910 558 3943 ns
577 3897 675 3944 auctor
693 3893 861 3944 concilietur
878 3891 969 3944 ordini
989 3909 1050 3956 sno,
1067 3910 1136 3958 quos
1155 3889 1299 3955 inquirens

86 3959 210 4010 adhortor
226 3959 327 4025 qulbus
344 3961 444 4012 tainum
464 3978 544 4027 coptu
562 3969 619 4012 est
646 3961 725 4014 utilis
746 3963 819 4013 enirn
840 3970 883 4013 est
910 3961 1047 4027 scriptor,
1071 3958 1228 4037 quamlibet
1244 3958 1299 4007 ιιΙι

86 4044 157 4078 orum
173 4036 340 4093 excerptor·
365 4046 426 4080 cum
446 4031 487 4082 sic
506 4030 591 4081 etiam
618 4046 671 4082 nou
692 4047 784 4097 pauca
802 4048 853 4082 aaa
875 4032 974 4083 doceat
992 4027 1096 4080 nullibi
1119 4024 1298 4088 antiquitatis

86 4095 148 4146 alibi
164 4096 330 4147 ιιιιιιιιιίιιέ*

149 4163 219 4222 ⁷)ld
238 4165 415 4216 statuendum
436 4170 491 4230 est,
511 4165 549 4228 si,
566 4166 674 4218 ntvnlt
692 4164 828 4217 Barthins
846 4164 884 4214 ad
902 4161 1049 4214 claudian
1068 4160 1087 4209 1.
1103 4174 1142 4218 a,
1161 4155 1297 4212 interse-

87 4229 192 4282 candum
205 4239 233 4282 et
240 4233 362 4314 ‘tertium
374 4233 598 4286 Saturnaliornnr
616 4233 719 4284 librum
738 4234 791 4285 hos
805 4228 1027 4282 Commentarios
1043 4243 1124 4277 suurn
1135 4195 1228 4279 iocum
1246 4229 1298 4281 ha-

87 4298 171 4350 buisse
186 4299 325 4365 ponimus:
343 4315 510 4367 quamquam
526 4301 687 4354 Barthiua'
679 4319 741 4367 ipse
758 4300 814 4351 sibi
830 4315 885 4348 non
902 4303 1011 4348 constat
1028 4301 1056 4346 et
1072 4294 1153 4346 modo
1173 4298 1297 4362 loquitur

88 4367 118 4418 da
134 4367 208 4419 tertio
223 4369 309 4434 libro,
326 4371 408 4420 motio
427 4371 462 4422 dc
480 4371 563 4422 tertio
581 4371 642 4440 die,
663 4385 734 4434 quae
753 4365 828 4417 ratio
846 4364 986 4444 posterior
1003 4363 1089 4421 etiam
1108 4365 1295 4431 perrnitterat,

88 4441 115 4486 ιιι
130 4408 344 4490 Saturnaiiorum
363 4437 412 4490 uni
432 4427 646 4490 adnecterentur
664 4436 695 4486 hi
713 4430 924 4486 commentarii.

147 4505 171 4562 1)
188 4503 264 4556 Hanc
281 4511 412 4572 excerpta
429 4505 568 4558 Parisinis
584 4503 701 4556 unctiore
716 4517 780 4554 asse
804 4499 905 4552 statuit
920 4501 1093 4554 Baehrias
1109 4500 1207 4552 Room.
1226 4499 1295 4550 bit.-

88 4571 316 4636 Carambin,
335 4591 360 4639 p
378 4578 448 4635 602,
466 4578 494 4623 ct
510 4573 593 4624 Rani
582 4571 712 4638 Encycl
729 4571 756 4622 d.
775 4570 860 4622 class.
876 4570 931 4622 alt.
950 4571 1033 4624 Wiss.
1050 4588 1074 4620 a.
1089 4585 1116 4618 ι.
1136 4566 1292 4618 Macrobius.
