2950 4992
171 164 309 235 COMM.
329 164 374 233 ΙΝ
395 161 523 231 SOMN.
544 159 644 230 SCIP.
686 161 762 228 LlB.
783 163 807 228 1.
850 162 941 232 CAP.
960 165 1032 232 XII.
1051 165 1136 232 XlII.
1198 165 1241 232 75

73 335 154 401 enim
176 356 231 402 sua
254 342 353 400 morte
376 334 478 398 anima
499 355 563 398 nou
585 332 786 418 extinguitur,
808 331 862 398 sed
882 334 920 398 ad
942 341 1065 420 tempus
1085 333 1241 400 obruiturs

71 443 127 486 nec
148 421 308 506 temporali
330 419 522 486 demersione
543 418 727 483 beneficium
749 418 963 503 perpetuitatis
984 420 1144 498 eximitur,
1166 431 1290 503 sumpts]

71 527 217 570 rursuse
244 527 387 591 corpore,
427 505 480 571 ubi
503 503 652 569 meruerit
671 503 854 588 contagione
877 502 1022 569 vitiorum
1043 505 1166 589 penitus
1186 504 1240 570 eli·

72 598 153 655 mata
172 591 310 676 purgari,
350 591 388 655 ad
409 589 557 675 perennis
577 589 657 654 vitae
680 589 780 655 lucem
802 587 945 653 restituta
965 587 997 652 in
1020 589 1172 673 integrum
1192 611 1239 654 re·

71 683 214 740 vertatur.
263 677 375 753 Plena,
403 683 438 739 ut
458 673 606 749 arbitror,
636 672 675 737 de
696 675 758 739 vita
781 681 812 738 et
833 681 932 738 morte
956 673 1076 738 animae
1101 674 1290 749 definitiolss

73 760 175 909 lilquet,
196 782 289 847 quam
308 761 346 825 de
366 759 463 844 adytis
481 758 694 844 philosophiae
710 758 849 824 doctrina
865 768 898 825 et
916 757 1066 846 sapientia
1083 758 1240 826 Ciceronis

70 845 180 910 creuit

151 931 238 995 XlII.
281 925 342 995 Sed
363 926 465 1013 Scipio
488 948 544 1013 per
566 928 702 1026 quietem
724 937 757 994 et
776 929 876 1005 caelo,
907 927 991 1016 quod
1013 929 1046 996 in
1067 928 1239 1016 praemium
1272 935 1288 1001 l

69 1014 148 1080 cedit
166 1014 273 1090 beatis,
292 1021 325 1077 et
346 1013 549 1097 promissione
570 1014 798 1079 inmortalitatis
819 1013 972 1080 animatus
991 1022 1054 1082 tam
1074 1016 1239 1101 gloriosam

69 1121 154 1185 spem
178 1108 306 1183 tamque
333 1097 476 1184 inclytam
504 1097 601 1182 magis
626 1098 786 1184 magisque
813 1099 945 1164 firmarit
968 1099 1035 1166 viso
1061 1109 1163 1187 patre,
1200 1101 1240 1168 de

68 1205 130 1270 quo
150 1192 255 1248 utrum
277 1183 407 1260 viveret,
446 1203 516 1248 cum
539 1183 640 1249 adhuc
666 1182 823 1249 videretur
846 1183 1000 1260 dubitare,
1038 1187 1241 1270 quaesiverat.

67 1270 205 1334 Mortem
226 1267 320 1352 igitur
339 1267 430 1332 malle
452 1267 569 1354 coepit,
590 1275 625 1334 ut
643 1268 776 1335 viveret:
805 1289 862 1334 nec
882 1268 971 1333 llesse
989 1278 1152 1335 contentus
1173 1271 1239 1336 viso
1268 1274 1291 1340 2

67 1361 194 1439 parente
218 1374 312 1439 quem
334 1352 505 1419 crediderat
525 1353 711 1433 extinctum,
741 1353 796 1420 ubi
815 1353 900 1451 loqui
922 1373 1013 1438 posse
1032 1354 1150 1439 coepit,
1181 1353 1241 1420 hoa

69 1437 203 1524 primum
226 1439 355 1524 probare
381 1439 494 1515 voluit,
528 1439 605 1504 nihil
626 1460 659 1504 se
680 1439 777 1524 magis
800 1438 973 1504 desiderare
1002 1459 1092 1524 quam
1116 1447 1151 1504 ut
1170 1460 1241 1506 curn

69 1545 107 1588 eo
128 1523 188 1587 iarn
207 1531 387 1589 moraretur.
430 1525 495 1591 Nec
512 1532 616 1589 tamen
635 1524 718 1610 apud
738 1545 772 1590 se
793 1545 872 1609 quae
890 1523 1084 1589 desiderabat
1103 1522 1243 1590 iacienda

70 1609 229 1674 constituit
247 1617 318 1674 ante
336 1630 429 1695 quarn
449 1610 638 1675 consuleret:
671 1630 805 1695 quorum
828 1630 925 1674 unum
948 1607 1145 1695 prudentiae,
1167 1609 1242 1674 alta-

70 1714 138 1758 rum
157 1694 282 1791 pietatis
304 1695 438 1760 adsertio
460 1703 516 1760 est
559 1696 650 1760 Nunc
675 1695 741 1780 ipsa
766 1695 814 1761 vel
836 1693 1025 1760 consulentis
1052 1693 1099 1760 vel
1127 1693 1242 1780 praeci·

70 1778 181 1864 pientrs
203 1779 294 1845 verba
316 1788 494 1844 tractemus.
538 1779 706 1859 Qacesc,i
743 1802 830 1858 aam,
849 1792 937 1866 pater
955 1781 1137 1846 sopettassero
1156 1791 1242 1868 atque
1271 1779 1292 1845 3

69 1875 201 1950 optume,
234 1865 377 1950 passiam
396 1865 470 1929 laec
490 1876 530 1929 est
549 1867 625 1942 aria,
655 1876 690 1930 at
749 1867 887 1931 ricarium
907 1865 998 1930 cadri)
1019 1866 1128 1943 dicere,
1165 1867 1292 1953 pardos]

68 1970 172 2012 amrcr
194 1949 229 2013 ia
257 1951 367 2014 terras?
399 1950 474 2036 pain
500 1950 560 2016 lac
579 1950 621 2014 cd
640 1973 693 2016 aas
713 1951 815 2018 ceasia
836 1953 995 2038 propera?
1035 1951 1104 2020 Noa
1128 1963 1171 2016 est
1188 1952 1241 2030 r'ta,

68 2034 167 2121 inquit
187 2033 245 2098 ille.
299 2034 370 2100 Nisi
391 2036 470 2100 mim
493 2058 560 2100 cam
581 2036 653 2101 dem
672 2037 715 2114 is,
757 2039 843 2102 maias
861 2036 917 2103 loa
938 2036 1078 2125 templum
1097 2048 1139 2102 est
1156 2059 1243 2102 amaa

70 2119 150 2205 qaod
171 2119 331 2206 ccrsspicis,
360 2121 424 2184 astas
445 2132 472 2185 tc
493 2123 629 2208 corporis
649 2123 791 2188 aristodiis
810 2123 993 2199 liberaverit,
1020 2123 1080 2188 laac
1099 2122 1156 2187 tibi
1175 2123 1242 2187 adi·

69 2215 118 2267 tas
132 2215 238 2290 patere
257 2226 320 2268 aaa
335 2216 440 2292 potest.
487 2207 631 2272 Homines
655 2209 734 2272 enim
761 2219 832 2273 suat
856 2207 913 2272 lac
931 2208 992 2292 leae
1009 2206 1158 2292 peracti,
1189 2208 1244 2294 pai
1271 2211 1293 2274 4

70 2299 222 2361 tuererrtar
241 2289 325 2354 silam
347 2292 479 2376 pictam,
515 2314 602 2379 paen
625 2293 660 2358 in
682 2295 788 2379 templa
811 2293 867 2357 lice
885 2293 1016 2356 mediam
1036 2291 1140 2365 vides„
1166 2311 1243 2386 puae

69 2383 150 2438 terra
170 2375 299 2439 dieitur:
331 2376 379 2440 liis
397 2399 436 2440 ae
454 2379 574 2441 animm
595 2377 683 2440 datas
703 2389 744 2442 est
766 2399 805 2441 ea
829 2377 888 2440 illis
907 2375 1094 2460 sempiternis
1114 2374 1242 2458 spantia,

71 2480 147 2544 qaae
163 2461 265 2524 sidera
292 2470 319 2523 et
338 2399 435 2524 stellas
456 2463 582 2535 vacatis,
619 2481 695 2545 qaae
719 2461 854 2545 plabcsce
880 2469 906 2523 et
934 2459 1096 2533 rotundae,
1131 2456 1243 2522 discisis

70 2546 219 2609 animatae
246 2545 405 2619 mortales,
437 2544 532 2608 circos
557 2564 628 2607 sans
654 2543 793 2629 orbesque
820 2542 980 2626 confirmat
1012 2541 1155 2605 celeritate
1185 2543 1243 2606 mi·

70 2629 169 2692 rabili.
226 2627 329 2706 Quare
350 2628 468 2702 ettibi,
498 2627 603 2701 Pulli,
640 2637 668 2690 et
681 2628 748 2712 piis
770 2627 903 2690 amasias
925 2626 1099 2692 retinendas
1123 2626 1243 2693 coimus

72 2724 115 2778 est
132 2715 167 2776 irs
184 2711 320 2777 asaradan
339 2712 490 2798 corporis,
513 2733 568 2776 aec
589 2710 709 2775 iniussa
729 2712 809 2789 eim,
831 2734 851 2776 a
872 2733 929 2799 pas
951 2711 1000 2776 ille
1025 2723 1066 2777 est
1085 2711 1174 2778 vata·
1188 2712 1243 2778 da·

70 2809 129 2874 tas,
150 2819 189 2860 aa
213 2796 368 2860 laminam
388 2797 451 2861 cita
468 2796 661 2882 ariprandum
682 2807 730 2876 est,
752 2819 791 2862 ae
808 2817 919 2863 maaas
939 2797 1129 2884 adsipamm
1149 2821 1170 2864 a
1187 2799 1242 2866 deo
1276 2827 1282 2835 ¹

869 2919 955 2984 [Edd.
973 2918 1177 2990 vicahgspdalr.

71 3020 124 3058 aaa
141 3009 224 3056 marte
241 3002 284 3064 (ia
303 3017 360 3069 mg.
379 3001 445 3055 add·
467 3003 573 3063 anima)
590 3003 642 3055 Rs.
660 3031 694 3044 -
713 3005 880 3058 dimersione
896 3004 926 3058 F.
946 3033 980 3046 -
997 3008 1150 3076 beneficiam
1168 3008 1245 3074 (sup.

71 3074 103 3138 a)
125 3073 176 3122 M.
203 3098 232 3109 -
252 3072 357 3123 meruit
373 3072 403 3123 lr.
419 3097 453 3110 -
471 3080 497 3125 at
514 3073 554 3123 da
571 3082 654 3125 marta
669 3088 735 3140 vag.
756 3101 784 3113 ·-
807 3074 952 3139 diffinitio
966 3074 1026 3127 FG.
1044 3105 1076 3115 -
1096 3074 1128 3126 da
1145 3075 1246 3128 adatis

71 3139 168 3220 „ltlaf‘
203 3140 237 3190 de
251 3139 341 3191 aditis
357 3139 433 3207 (sup.
448 3139 570 3208 atatrts)
586 3139 609 3191 1¹*
611 3176 619 3193 .
654 3141 688 3194 dc
701 3143 817 3195 abditis
833 3141 905 3194 Bes.
923 3143 958 3214 (g
975 3142 1003 3195 ia
1020 3143 1093 3214 rag.)
1108 3150 1181 3195 -ct
1199 3159 1245 3195 sa-

68 3216 344 3342 pseusppuprn.cpput
363 3274 442 3355 Xlll.
477 3275 617 3328 {lamisem
634 3275 736 3343 duplici
752 3275 856 3328 satiasse
870 3276 952 3328 maris
970 3277 1098 3343 primam
1117 3275 1141 3328 si
1154 3277 1246 3328 anima
1319 3291 1326 3309 ‘

73 3357 167 3409 carpas
185 3343 336 3408 relinquat,
352 3343 457 3404 derude,
474 3345 498 3394 si
513 3345 604 3394 asima
623 3343 651 3394 irs
669 3359 776 3409 corpore
792 3344 879 3394 adhuc
895 3360 1014 3406 maneas,
1030 3359 1169 3410 corporeas
1184 3343 1246 3394 illa-

72 3409 163 3460 eelrras
179 3418 343 3479 caatemapt,
365 3410 565 3476 voluptatesque
582 3417 607 3461 et
625 3411 777 3476 affectiones
794 3426 881 3462 amnas
898 3417 994 3460 esacts
1014 3426 1046 3462 as
1062 3411 1104 3461 iris
1120 3410 1247 3461 mortibus

70 3477 242 3544 posteriorem
259 3477 328 3528 hamc
346 3478 465 3528 amnibus
485 3477 677 3543 appetendam
707 3477 823 3543 priorem
839 3477 1021 3528 arcessendam
1038 3494 1092 3528 aaa
1108 3491 1178 3541 case,
1198 3476 1246 3530 sad
1275 3512 1279 3523 ι

74 3546 288 3612 exspectandam,
305 3546 388 3595 dsaec
403 3544 476 3595 Deus
494 3545 551 3610 ipse
568 3544 685 3594 animam
702 3562 720 3595 a
734 3559 841 3610 corpore
856 3544 994 3597 dissolvat·
1014 3544 1094 3596 cti-n.
1157 3571 1159 3576 ,
1191 3606 1193 3613 y

74 3615 99 3662 l.
136 3620 160 3664 et
177 3613 210 3663 ia
227 3613 297 3664 caelo
311 3610 426 3679 r3iclrg.
448 3639 476 3649 -
497 3612 553 3662 uiso
570 3618 702 3677 parente
719 3610 750 3662 la.
766 3637 799 3648 -
818 3611 981 3678 quaesierat
996 3627 1058 3680 νς.

72 3682 100 3729 2
135 3679 190 3732 sed
209 3681 254 3730 ali
270 3677 343 3730 Bra.
361 3707 389 3717 -
407 3696 484 3746 passe
502 3680 586 3746 caepit
604 3679 676 3744 loqui
691 3677 723 3730 F.
742 3705 776 3716 -
791 3687 821 3732 at
838 3696 867 3731 ea
883 3679 939 3730 iam
956 3685 1025 3740 (om.
1041 3683 1114 3741 cam)
1130 3679 1180 3732 lta.
1215 3687 1246 3735 as

73 3762 133 3798 cum
152 3765 181 3799 ea
199 3753 268 3807 (om.
286 3747 355 3807 iam)
372 3746 429 3812 Psp
448 3745 543 3810 ‚‚t1s.“
579 3747 647 3806 (iam
665 3763 699 3797 ex
716 3747 829 3808 „Mss.“
849 3749 991 3799 revocavit
1009 3748 1095 3800 Gran.
1114 3748 1149 3800 ud
1170 3747 1199 3812 1,
1218 3753 1245 3812 6,

73 3817 133 3873 66.)
150 3841 183 3852 -
205 3815 258 3866 Nea
277 3821 365 3866 tamen
382 3813 839 3881 Esaias-garamannunnm
859 3814 946 3880 ¹,libri
965 3815 1086 3883 antiqui:
1105 3815 1179 3881 quod
1197 3832 1247 3866 va·

72 3898 136 3933 rum
155 3887 213 3944 cst,
230 3881 342 3951 syntaxi
360 3882 473 3944 eadem,
497 3898 553 3948 qua
570 3880 653 3933 0rid.
669 3882 737 3934 Met.
755 3881 804 3944 IV,
823 3885 883 3934 311.
903 3883 958 3935 Nec
974 3892 1081 3937 tamen
1098 3892 1161 3936 anta
1177 3882 1247 3934 adiit

72 3951 149 4001 etc.“
168 3951 253 4001 Gran.
286 3967 334 4000 aea
352 3957 416 4000 tam
435 3950 517 4002 (is-a.
535 3974 571 3989 -·
585 3956 739 4016 antequam
755 3949 1100 4012 rsssnmrurnuaarr,
1119 3949 1187 4013 „Sic
1203 3946 1247 4000 vi-

73 4018 158 4068 detur
177 4017 327 4084 legendum
347 4033 409 4068 earn
428 4033 482 4070 una
500 4017 637 4068 membr.“
656 4017 743 4068 Grau.
777 4035 857 4085 qaam
873 4026 936 4072 anta
955 4016 1145 4070 aramme.
1249 4045 1253 4052 ·

73 4089 101 4137 3.
141 4085 255 4152 Quaeso]
277 4084 371 4136 Sarna.
391 4084 448 4150 lll,
473 4084 569 4150 §3-5.
590 4112 619 4122 -
644 4093 722 4148 pater
739 4085 766 4135 ia
785 4103 846 4136 uam
864 4086 915 4138 Rl.
936 4113 963 4126 -
988 4085 1070 4138 audio
1089 4083 1247 4148 Africanam

71 4153 171 4221 vichg.
187 4181 221 4192 -
234 4169 319 4206 morer
335 4152 388 4202 Ha.
409 4179 436 4188 -
456 4153 543 4219 inquit
555 4153 602 4202 ille
620 4102 964 4218 masa-gudanssaars.
998 4153 1084 4218 inquit
1101 4155 1170 4210 (ura.
1186 4149 1247 4211 illa)

73 4237 131 4270 s-a.
150 4250 184 4261 -
202 4239 260 4272 cam
278 4237 333 4271 om.
350 4217 451 4271 R2Trs.
468 4247 504 4260 -
525 4221 591 4272 deas
606 4219 631 4269 is
648 4217 775 4270 ‘l'mllsra
802 4219 895 4270 Sama.
914 4219 933 4270 l.
954 4219 1062 4271 altiss·
1084 4233 1172 4283 paena
1188 4235 1249 4270 arn·

76 4303 138 4337 nes.
174 4290 238 4340 deas
253 4294 321 4348 [um.
335 4288 372 4347 is)
390 4287 441 4338 Rl.
477 4286 542 4338 deas
560 4287 612 4338 aaa
629 4285 844 4336 edessenae.
862 4285 1159 4354 -lraasattamplam
1173 4283 1247 4337 F.-

75 4371 219 4420 omneque
235 4357 305 4422 pand
322 4355 417 4420 vichg.
435 4381 468 4391 -
487 4354 537 4406 lais
552 4363 579 4406 te
595 4353 722 4405 custodiis
738 4353 854 4420 carparis
874 4353 945 4404 Bran.
1096 4355 1123 4404 4.
1157 4353 1186 4406 ia
1200 4353 1248 4406 aaa

74 4429 130 4474 tem
151 4422 176 4471 ta
197 4423 292 4475 Sarna.
314 4422 332 4472 l.
352 4439 377 4472 c.
396 4421 464 4473 Mas.
481 4425 509 4472 et
526 4422 596 4473 Edd.
613 4437 720 4472 amnes.
742 4447 785 4460 -ι
798 4421 878 4472 circas
900 4436 960 4472 suas
981 4419 1106 4486 arlespac
1125 4420 1248 4477 Pcssan.

76 4439 240 4544 mistim,
274 4490 396 4541 circatas
411 4506 473 4541 saar
487 4490 611 4555 artesque
629 4487 681 4538 vals
703 4486 797 4540 Sarna.
816 4487 836 4538 l·
856 4505 881 4540 c·
900 4488 969 4540 Mas·
989 4492 1018 4540 ct
1036 4488 1105 4544 Edd.
1139 4489 1251 4542 circulos

76 4558 206 4628 arbescaa
222 4573 283 4610 saar
298 4555 375 4625 tang.
390 4583 426 4599 -
441 4563 480 4612 ast
495 4557 600 4610 animm
615 4555 692 4608 rm.
705 4583 739 4596 -
756 4557 839 4611 datas
852 4557 924 4614 ralia
939 4561 978 4614 cst
995 4555 1047 4612 m.
1064 4586 1097 4602 -
1113 4558 1161 4614 dea
1179 4562 1249 4622 (aru.
