2950 4992
231 197 277 265 20
715 192 923 263 uacuouu

186 364 361 451 ldmystica
380 362 645 451 Pythagoreorum
667 381 758 429 sensa
777 362 962 429 relemntur.
1021 360 1105 446 Ergo
1128 382 1166 427 cx
1186 360 1244 427 hac
1264 360 1398 427 secunda

233 450 383 516 divisione
428 470 500 514 uam
519 448 653 533 diximus
673 469 692 512 a
713 447 925 534 philosophiae
944 446 1029 512 libris
1049 446 1134 531 prior
1156 447 1288 532 species,
1318 466 1398 531 quae

231 542 382 619 concepta
405 470 444 599 dc
468 532 544 599 falso
566 552 621 618 per
645 530 756 599 salsum
783 540 940 609 narratur,
972 530 1071 596 aliena
1096 537 1152 595 est
1200 531 1341 615 Sequens
1364 530 1398 595 in

231 619 322 684 aliam
340 639 464 683 rursum
484 617 699 683 discretionem
721 616 813 683 scisse
834 615 992 682 dividitur:
1019 637 1105 693 nem,
1127 636 1197 681 cum
1217 615 1327 681 veritas
1347 635 1396 679 ar·

230 711 378 787 gumento
397 703 503 768 subest
523 703 649 786 soleque
669 700 704 763 lit
724 700 859 765 narratio
882 700 1035 779 fabulosa,
1066 722 1128 765 non
1150 720 1231 765 unus
1259 699 1397 783 repperi·

184 789 282 852 lltur
304 786 414 852 modus
436 806 492 871 per
518 785 698 867 figmentum
722 804 796 848 vera
824 783 986 850 referendi.
1040 788 1106 851 Aut
1131 784 1212 849 enim
1239 784 1396 849 contextio

229 870 414 937 narrationis
438 888 495 954 per
514 866 618 950 turpia
643 871 675 929 et
701 865 827 951 indigna
853 869 1032 933 numinibus
1057 889 1092 934 eo
1117 876 1255 934 monstro
1284 868 1396 935 similia

185 976 297 1039 [mcom
341 954 440 1027 uitur,
471 956 508 1015 ut
532 948 564 1012 di
589 947 736 1025 adulteri,
773 950 925 1016 Saturnus
950 953 1093 1037 pudende
1114 954 1198 1020 Caeli
1222 952 1316 1039 patris
1343 954 1396 1019 ab·

227 1039 294 1103 scin
315 1057 371 1101 eas
391 1044 423 1099 et
443 1034 510 1119 ipse
529 1053 637 1099 rursus
655 1053 674 1098 a
693 1033 758 1098 lilio
780 1055 875 1119 regno
903 1036 1003 1119 potito
1026 1038 1058 1101 in
1085 1038 1205 1104 vincula
1231 1036 1396 1115 coniectus,

227 1120 312 1205 quod
334 1138 432 1203 genus
452 1126 554 1183 totum
601 1117 756 1203 hilosophi
779 1118 895 1183 nescire
921 1121 1055 1185 malunt:
1094 1131 1149 1187 aut
1169 1143 1324 1189 sacramm
1345 1143 1392 1187 re-

227 1226 298 1270 rum
319 1202 406 1269 notio
425 1201 484 1267 suh
502 1202 554 1287 pio
575 1139 793 1286 igmentorum
818 1202 970 1268 velamine
991 1203 1130 1270 honestis
1151 1214 1183 1271 et
1202 1215 1281 1272 tecta
1300 1206 1394 1271 rebus

226 1295 258 1353 et
278 1288 388 1356 vestita
407 1286 585 1353 nominibus
603 1286 797 1364 enuntiatur,
823 1295 856 1352 et
871 1286 930 1351 hoc
952 1295 999 1352 est
1016 1288 1116 1352 solum
1138 1290 1276 1374 figmenti
1296 1312 1393 1376 genus

177 1372 309 1459 idquod
331 1371 433 1437 cautio
455 1372 494 1437 de
516 1369 627 1436 divinis
648 1370 741 1436 rebus
765 1370 1007 1469 philosophantis
1029 1372 1172 1437 admittit
1226 1374 1305 1440 Cum
1336 1376 1393 1459 igi·

222 1466 276 1524 tur
302 1457 420 1525 nullam
447 1454 647 1541 disputationi
673 1456 773 1539 pariat
801 1456 944 1521 iniuriam
972 1455 1020 1521 rel
1042 1456 1086 1519 Er
1117 1456 1210 1520 index
1239 1459 1287 1523 rel
1310 1480 1392 1525 som-

221 1543 310 1608 nians
343 1540 522 1619 Africanus,
566 1540 621 1605 sed
652 1560 757 1605 rerum
789 1560 942 1605 sacrarum
977 1538 1147 1604 enuntiatio
1185 1541 1304 1623 integra
1339 1544 1389 1609 sui

219 1627 368 1711 dignitate
396 1626 444 1692 his
471 1626 511 1701 sit
538 1632 619 1691 tecta
650 1625 844 1702 nominihus,
883 1631 1040 1689 accusator
1063 1623 1187 1687 tandem
1213 1623 1340 1689 edoctus
1371 1648 1391 1691 a

173 1710 331 1778 ldlahulis
349 1709 488 1775 fabulosa
514 1730 674 1775 secernere
700 1710 904 1796 conquiescat.
952 1706 1113 1772 Sciendum
1134 1714 1302 1771 esttamen
1321 1729 1387 1771 non

219 1796 252 1857 in
269 1814 394 1857 omnem
410 1794 648 1877 disputationem
670 1793 871 1879 philosophos
888 1792 1049 1858 admittere
1067 1791 1204 1855 labulosa
1222 1791 1271 1855 vel
1294 1790 1388 1854 licita.

219 1876 280 1941 Sed
301 1876 349 1939 his
371 1876 419 1940 uti
440 1876 555 1951 solent,
588 1897 659 1941 cum
685 1879 731 1942 vel
760 1878 798 1942 de
824 1878 927 1944 anime
951 1878 996 1943 rel
1024 1876 1062 1940 de
1087 1874 1177 1939 aeriis
1205 1873 1388 1938 aetheriisve

170 1958 422 2045 lipotestatihus
444 1959 491 2025 rel
513 1958 552 2023 de
574 1959 684 2023 ceteris
704 1959 752 2024 dis
773 1961 925 2026 locuntur.
981 1960 1128 2027 Ceterum
1153 1978 1223 2023 oum
1246 1958 1284 2022 ad
1305 1978 1390 2022 sum·

219 2064 305 2109 mum
326 2049 359 2107 et
383 2042 554 2128 principem
580 2042 720 2107 omnium
744 2043 852 2123 deum,
884 2043 938 2130 qui
965 2044 1047 2137 apud
1068 2043 1203 2108 Graecos
1229 2036 1389 2125 τάγαθὸν,

285 2196 357 2249 hias.
378 2192 620 2257 BFMTPBth]

214 2281 313 2335 Barth
330 2283 349 2334 l.
361 2299 386 2333 c.
419 2278 576 2346 „Equidem
594 2275 719 2332 arbitror
734 2279 812 2329 recle
829 2275 919 2329 deleri
936 2293 1019 2345 posse
1035 2277 1177 2346 posterius
1194 2286 1232 2331 at.
1261 2278 1332 2333 Nam
1347 2278 1390 2332 ita

214 2351 270 2402 hoc
289 2351 445 2404 membrum
470 2347 638 2399 conveniens
656 2345 781 2397 efficitur
801 2346 942 2411 sequenti:
970 2355 1002 2398 at
1018 2349 1127 2413 mystica
1205 2350 1388 2412 referantur.“

215 2418 301 2470 Zesn.
321 2445 354 2457 ·-
375 2417 471 2470 actiae
492 2415 526 2467 G.
549 2440 583 2455 -
603 2416 731 2479 referant
752 2413 855 2479 er-g.
890 2414 931 2464 lix
953 2414 1074 2477 „lihria“
1094 2416 1247 2479 reserantur
1267 2416 1389 2483 corrigit

213 2485 381 2538 Bastarna.
523 2485 566 2533 lo.
593 2480 890 2550 Eahacergan-hP.
929 2482 1387 2599 intellectuarpoeahactim-

213 2570 293 2620 passas
306 2550 432 2617 disiasas]
447 2549 497 2616 i9·
515 2576 543 2589 -
563 2550 591 2601 ia
602 2550 685 2601 ala'aas
700 2565 799 2600 sareas
815 2548 946 2599 areum.
981 2553 1080 2600 rarsas‘
1094 2550 1122 2599 isa
1135 2564 1152 2599 a
1164 2551 1219 2601 iam
1236 2548 1269 2601 B.
1286 2578 1319 2588 ·-
1333 2550 1385 2601 di·

212 2621 245 2671 oi
253 2622 373 2672 siascas
386 2621 437 2670 ael
450 2616 631 2669 discretionem
640 2616 690 2668 ua.
701 2643 737 2655 -
747 2632 805 2667 raas
818 2630 872 2665 om.
883 2613 960 2676 (add.
973 2631 989 2668 a
1003 2633 1058 2667 sec.
1073 2620 1123 2675 m.)
1133 2616 1184 2667 Ru.
1196 2643 1228 2656 -
1240 2617 1297 2668 sala
1307 2623 1385 2683 [anp.

213 2685 418 2802 addpaoffl·
453 2685 558 2737 assota
574 2682 952 2746 hTa.-sasratiasahala
970 2698 996 2735 a.
1031 2682 1145 2735 Medius
1158 2682 1192 2734 N.
1204 2683 1235 2735 h.
1251 2701 1279 2750 p.
1293 2687 1384 2751 paea

210 2768 268 2814 „ex
310 2751 397 2802 nohas
421 2749 504 2801 libris
529 2750 585 2801 aeri
606 2750 662 2801 tia“
685 2749 813 2802 restituit
829 2750 967 2815 fadalosa.
1119 2753 1160 2802 11.
1196 2752 1323 2804 contexio
1346 2755 1382 2802 vl

212 2819 261 2869 Po.
297 2817 450 2869 coaoosia
467 2817 498 2866 P.
516 2838 555 2855 υ·
597 2818 626 2867 is'
645 2816 719 2868 Fhl'.
754 2817 806 2867 dei
826 2832 890 2884 τος.
917 2844 945 2854 -
979 2816 1072 2868 Caelii
1087 2818 1176 2884 patris
1196 2817 1382 2870 vaanenu

212 2885 289 2947 (lara
305 2899 323 2935 a
341 2899 397 2935 sec.
415 2882 479 2946 ιιι).
511 2884 598 2949 patris
619 2884 711 2935 coelii
728 2881 798 2951 ichg
831 2910 859 2921 -
883 2884 1030 2935 abscidens
1049 2883 1092 2936 Gr
1109 2885 1219 2948 „hlss“.
1242 2912 1276 2924 -
1297 2885 1384 2955 regni

211 2950 336 3003 utalia
357 2976 385 2989 ··
410 2950 514 3000 malunt
535 2948 936 3017 BSthtiBsa.r·gPdssrrr.Ir.
974 2951 1078 3003 malint
1100 2952 1176 3018 (sup.
1194 2955 1227 3014 a)
1248 2952 1279 3003 F.
1319 2970 1383 3004 sra-

210 3020 336 3071 laesasst
352 3016 433 3097 s·hl'²
450 3043 477 3097 -3
495 3017 542 3083 pia
556 3031 611 3068 aar.
629 3034 677 3085 sp3
697 3016 823 3070 restitnit
839 3016 923 3067 Grau.
939 3040 973 3055 -
996 3020 1065 3098 cetto
1079 3034 1106 3070 r.
1125 3046 1152 3058 -
1169 3020 1383 3100 philosophantis

209 3102 265 3203 tt·
287 3102 336 3153 '⁹³
365 3082 654 3215 “ii‘⁰'siiiii'im
672 3083 1381 3220 aaa„¹iasiiahiiifiiiird¹min⁶‚',iiiii“aff

207 3215 358 3281 (leonorii,
387 3216 435 3284 qui
456 3214 571 3268 coniicit
590 3217 633 3269 ael
646 3218 747 3280 sicta.
790 3217 854 3268 noll.
872 3216 887 3283 h
906 3221 938 3267 10
962 3222 1108 3285 composita
1125 3220 1261 3285 atficta.
1302 3220 1379 3283 ,‚Ed.

207 3286 268 3339 col.
284 3290 362 3337 recte
375 3285 454 3338 addit
468 3284 510 3335 ool
526 3284 630 3336 licita.“
647 3283 733 3335 zena·
764 3285 822 3349 fad.
836 3285 877 3335 ael
893 3286 981 3359 lattp
998 3290 1073 3353 (sap.
1091 3288 1179 3347 licita)
1194 3285 1226 3339 B.
1255 3288 1316 3352 sah.
1334 3289 1401 3340 acl.

206 3355 314 3407 vetita
332 3352 403 3405 Brrrs.
429 3352 560 3420 sabulosa
575 3359 643 3413 (orn.
662 3349 705 3403 ael
721 3352 811 3412 licita)
834 3352 906 3417 p2da
923 3352 1058 3405 suadente
1075 3353 1171 3405 Medio
1193 3354 1213 3405 l.
1231 3372 1256 3406 c·
1277 3380 1312 3393 ··-
1334 3356 1379 3407 ats'

206 3423 291 3475 soleat
307 3422 349 3472 his
366 3420 397 3472 F.
414 3448 449 3459 -··
471 3418 664 3472 sesostres.
700 3416 1052 3472 cartennensium-
1072 3421 1230 3474 aetheriisaa
1244 3423 1290 3473 s-h
1307 3437 1377 3475 sua·

206 3490 289 3542 dente
304 3487 399 3540 Madia
414 3486 446 3539 Ν.
461 3486 491 3538 [ι.
507 3504 532 3554 p.
549 3489 610 3539 886.
627 3486 725 3537 BPR2.
762 3486 932 3539 aethereisve
948 3484 1140 3540 statuentia.
1176 3490 1272 3553 uelde
1284 3490 1376 3542 aetha-

205 3558 258 3606 reis
277 3571 331 3670 'd‘
344 3554 556 3672 εθαοοιὴςνίρσ),
568 3578 601 3593 -·
615 3554 794 3670 defigi&
811 3555 972 3670 ‘'iim“
985 3554 1017 3606 Β.
1171 3558 1214 3607 14.
1233 3558 1374 3675 'adbaptis-

204 3637 762 3752 moelissTOiVndffiinTffi'ffi'uth)
772 3627 829 3739 spi(
844 3626 1282 3757 wrppgorpakpunpsaespgkoemappyp·
1298 3640 1374 3743 gaal:

201 3757 274 3813 aras)
289 3753 363 3805 alter
380 3752 468 3804 codex
484 3752 629 3817 Gronorii,
648 3753 697 3820 qui
712 3754 828 3807 coniicit
845 3748 986 3807 tr'iiaasoa
1001 3755 1043 3818 [iu
1062 3757 1154 3809 altero
1172 3764 1216 3809 est
1231 3758 1373 3825 superos,

237 3890 280 3939 18.
308 3884 438 3953 schelmo
451 3884 593 3951 sollicita]
608 3883 760 3951 Significas·
809 3902 872 3938 rnen
897 3904 950 3941 nan
973 3894 1051 3943 recte
1073 3889 1211 3957 cogitavit
1230 3891 1264 3943 de
1285 3890 1373 3944 tertio

201 3959 248 4006 tar
269 3954 298 4006 id
321 3951 449 4021 figmenti
476 3968 565 4020 genas
587 3952 659 4019 qaod
681 3954 695 4020 5
717 3958 759 4006 11.
809 3954 1003 4009 lahnlasorum
1030 3972 1135 4025 genere
1165 3973 1182 4008 a
1207 3974 1261 4025 qao
1285 3960 1372 4026 plane

200 4022 295 4075 cautio
321 4022 357 4072 de
387 4018 492 4071 divinis
518 4019 603 4071 rehus
631 4020 759 4087 philoso-
828 4021 980 4091 hiloaopho
1004 4030 1080 4077 osaet
1106 4024 1311 4078 abstinendum.
1334 4054 1371 4068 -

198 4088 315 4156 phaatis
332 4088 436 4140 dieitur
451 4086 617 4151 admittere,
644 4088 757 4155 oppesi-
823 4105 839 4140 n
861 4090 927 4157 gin
947 4108 1003 4187 rap.
1021 4098 1098 4145 seete
1116 4092 1280 4147 adnotatam
1303 4094 1371 4159 „ael

198 4161 257 4208 turn
287 4156 335 4209 illi
363 4155 523 4208 ishularum
554 4154 652 4222 generi
683 4155 757 4222 quod
806 4172 858 4223 pro
876 4158 975 4209 etiars.‘

195 4224 302 4277 ihiden
322 4222 487 4293 philosophi
514 4221 644 4273 dicantur
668 4224 757 4275 malle
841 4226 881 4274 14.
916 4226 1093 4279 adsumamus
1110 4231 1135 4279 ct
1148 4226 1293 4295 principem
1309 4244 1370 4280 osa-

197 4290 315 4343 neacire.
354 4291 414 4343 Iam
432 4306 468 4341 ne
485 4289 556 4341 illud
578 4290 692 4357 quidem
711 4291 756 4343 di·
804 4291 878 4341 aiam
896 4292 972 4343 deam
994 4294 1039 4373 pai
1053 4294 1129 4358 apud
1147 4294 1260 4345 Graecos
1278 4288 1367 4361 reipar-

195 4364 297 4409 cuntur
311 4358 474 4424 philosophi
490 4357 518 4409 in
532 4374 642 4409 ornnem
656 4358 754 4425 diapa·
801 4352 872 4421 dira,
889 4359 935 4424 pai
949 4374 1060 4424 ποωτον
1076 4357 1166 4418 αἴτιον
1183 4364 1367 4430 nuncapatur]

193 4424 328 4476 tationem
345 4423 503 4477 admittere.
537 4426 617 4477 Unde
634 4430 754 4491 apparet
801 4423 962 4492 Interroget
978 4426 1150 4479 Gronovius:
1180 4426 1280 4494 „Unde
1297 4445 1367 4494 pro-

190 4489 266 4539 heae
295 4507 327 4541 se
352 4489 459 4541 hahere
486 4491 571 4542 verbe
597 4493 641 4543 ael
667 4494 751 4556 licita,
799 4490 1368 4548 hahitrrrsummumdenmroaariGrae-

191 4570 262 4621 qsae
277 4556 483 4611 commendarit
494 4556 628 4624 bunius,
644 4560 693 4627 qai
708 4566 751 4613 ta·
798 4557 841 4615 cis
854 4552 1020 4627 adportato
1043 4559 1129 4615 (leste
1138 4561 1311 4617 Plutarchus
1328 4564 1367 4619 do
