2950 4992
116 108 174 176 DE
195 106 302 174 DIFF.
323 104 379 170 ΕΤ
401 102 490 172 SOG.
513 103 669 173 GRAECI
689 104 822 185 LAIQ.
843 107 977 175 VERBI.
1020 109 1103 175 VIII.
1124 111 1179 178 lx.
1221 112 1291 179 245

115 277 178 345 Nec
200 296 264 340 non
286 281 318 340 et
343 273 449 357 cotye
473 272 595 354 πνίξω,
628 270 735 357 ἐρύκω
755 272 870 360 ἐρύξω.
912 278 1034 343 Mutata
1061 288 1109 345 est
1132 288 1166 347 et
1185 281 1286 348 finalis

115 362 147 427 in
170 361 259 426 litera
281 368 312 425 et
334 381 415 457 quae
441 360 595 425 antecedit
615 360 646 424 in
667 369 823 446 tempore,
858 360 1010 445 siquidem
1032 368 1056 427 I
1074 374 1106 429 et
1131 371 1161 429 Y
1177 368 1285 433 verbo·

114 469 183 513 rum
206 465 298 530 supra
319 445 472 510 dictorum
493 446 524 509 in
545 445 697 529 praesenti
719 446 845 530 quidem
868 446 1092 531 producuntur,
1113 452 1284 537 corripiun-

115 540 168 597 tur
192 540 294 596 autem
318 530 350 593 in
371 530 485 619 lutura.
529 530 561 595 si
584 551 657 615 ergo
687 552 812 596 neeesse
833 539 895 606 est,
927 539 964 596 ut
983 532 1014 595 in
1036 531 1192 616 barytonis
1215 539 1329 604 ver-ll

112 616 160 681 bis
186 637 265 702 quae
291 614 406 679 habent
433 615 465 678 in
492 617 644 699 praesenti
674 623 746 681 ante
769 618 804 679 11
826 616 973 701 liquidam
1003 628 1222 683 consonantem
1250 622 1282 687 in

112 702 216 767 lutura
237 699 425 800 paenultima
447 721 486 765 ex
509 700 598 786 langa
620 701 721 766 brevis
744 701 812 777 bat,
834 710 870 767 ut
889 696 1009 788 ἀγείρω
1030 697 1153 783 aiyepei,
1173 705 1331 789 paul-[aon]

111 809 159 851 νω
180 806 305 870 μιανω.·
329 784 485 869 sequitur,
505 793 556 863 ut,
578 807 648 851 aum
672 785 849 852 huiusmodi
873 787 966 853 rerba
987 786 1149 873 bissyllaba
1173 809 1281 873 reppe-

111 873 248 949 riuntur,
284 870 316 933 in
339 869 452 955 quibus
474 870 587 956 syllaba
609 892 689 957 quae
716 872 824 957 incipit
846 872 911 959 ipsa
933 880 981 937 est
1004 873 1112 958 utique
1132 874 1165 937 in
1189 894 1281 957 paen·

111 958 233 1033 ultima,
269 962 344 1019 tunc
371 962 509 1020 mutetur
539 977 601 1021 non
633 956 720 1042 quasi
749 958 847 1041 prima
879 956 932 1023 sed
988 958 1054 1023 uasi
1080 958 1279 1043 paenultima,
1359 971 1368 983 ‘

110 1041 209 1127 κείρω
233 1040 333 1123 nepai,
369 1040 491 1123 σπείρω
516 1042 633 1126 σπερῶ.
690 1043 736 1105 Ita
761 1041 808 1117 lit,
840 1049 876 1106 ul
900 979 987 1125 apui
1004 1042 1138 1109 Graecos
1165 1045 1277 1110 mutari
1291 1044 1329 1107 κ.)

111 1144 343 1210 nonnumquam
368 1124 463 1189 luturi
486 1126 599 1209 syllaba
626 1124 724 1212 prima
749 1125 876 1191 dicatur.
918 1126 995 1191 Item
1016 1126 1127 1211 τρέφω
1146 1130 1276 1213 primam

110 1211 230 1276 literam
266 1217 475 1296 permutantes
509 1208 625 1296 θρέψω
659 1209 788 1288 iaciunt,
824 1218 857 1275 et
885 1206 946 1293 ἔχω
971 1207 1071 1287 ψιλὸν
1105 1210 1167 1289 ἕξω
1193 1211 1278 1279 δασὺ

110 1294 325 1381 pronuntiant:
349 1294 401 1359 sed
423 1291 539 1379 θρέψω
559 1296 685 1381 quidem
707 1303 744 1362 ut
762 1296 925 1375 diceretur,
937 1290 1047 1371 Ἴωνες
1065 1295 1277 1374 obtinuerunt,

155 1380 223 1445 ibus
251 1379 346 1444 libido
374 1388 421 1445 est
447 1381 664 1465 aspirationem
687 1381 780 1445 mado
805 1380 917 1446 addere
938 1381 1031 1446 modo
1050 1381 1187 1447 demere:
1224 1383 1277 1447 ad·

109 1402 192 1543 lile,
213 1474 249 1530 ut
266 1461 377 1548 reipsa
398 1461 515 1548 θρέψω
537 1475 569 1531 et
589 1464 691 1550 τρέχω
712 1464 840 1551 &aiios
859 1466 993 1543 demere,
1014 1474 1050 1531 ut
1068 1466 1149 1549 θρίξ
1167 1462 1277 1550 τριχὸς

108 1550 233 1615 iaciunt.
265 1544 353 1633 ’Ἐχω
373 1558 476 1615 autem
497 1559 529 1616 et
551 1547 613 1627 ἔξω
633 1551 711 1615 circa
733 1551 950 1636 aspirationem
971 1558 1053 1615 eerta
1075 1551 1194 1616 ratione
1215 1552 1325 1617 dis-13

108 1635 261 1712 sentiunt,
282 1636 369 1721 quia,
389 1656 458 1700 eum
481 1633 524 1700 las
545 1643 627 1701 esset
645 1636 770 1721 utrique
790 1636 1007 1721 aspirationem
1029 1636 1110 1714 dari,
1132 1645 1168 1702 ut
1193 1633 1275 1701 itam

108 1717 206 1798 ἕλξω,
234 1720 312 1783 bane
332 1721 378 1804 τῷ
401 1717 461 1802 έχω
484 1720 630 1805 assignari
653 1721 818 1785 necessitas
843 1721 894 1786 illa
918 1742 980 1786 non
1003 1741 1090 1804 passa
1112 1729 1174 1799 est,
1201 1722 1274 1807 quia

108 1804 174 1869 beri
195 1825 257 1869 non
283 1812 401 1889 potest,
437 1812 473 1869 ut
498 1805 561 1869 ulla
587 1806 699 1871 vocalis
726 1806 901 1891 praeposita
922 1809 957 1869 X
983 1805 1089 1869 literae
1113 1806 1273 1891 aspiratio·

107 1911 178 1954 nem
200 1889 321 1953 babeat
363 1890 506 1974 Denique
529 1895 564 1969 Y,
587 1891 658 1975 quia
676 1912 844 1976 numquam
865 1891 932 1955 sine
952 1889 1138 1975 aspiratione
1157 1892 1323 1977 incipitll

106 1995 275 2060 numquam
298 1978 334 2039 X
352 1975 457 2039 literae
480 1975 694 2059 praeponitur,
715 1997 754 2040 ne
774 1975 900 2041 alterius
920 1983 1028 2039 natura
1049 1976 1196 2054 violetur,
1218 1984 1274 2041 aut

105 2060 164 2123 τοῦ
188 2064 228 2139 P,
261 2059 286 2123 si
307 2060 432 2145 incipiat
453 2061 519 2125 sine
541 2060 742 2145 aspiratione,
771 2069 826 2126 aut
844 2061 904 2124 τοῦ
927 2063 973 2139 X,
1004 2060 1030 2124 si
1053 2082 1113 2145 qua
1135 2062 1271 2126 vocalem

105 2166 175 2211 aum
198 2144 382 2229 aspiratione
404 2146 564 2210 sustineat.
605 2147 760 2211 Futurum
781 2167 855 2231 ergo
878 2143 955 2224 ἔξω,
989 2145 1139 2210 subducta
1158 2147 1271 2229 aspira·
1284 2148 1321 2211 15

104 2230 189 2295 tione
217 2231 397 2295 necessitate
426 2232 461 2293 X
477 2231 599 2307 literae,
636 2232 779 2316 spiritum
800 2229 1060 2296 vehementiorem
1089 2237 1142 2293 aul
1163 2230 1273 2314 recipit

104 2324 159 2382 aut
180 2315 288 2381 tenuit
331 2318 368 2380 ln
391 2316 547 2380 nonnullis
575 2335 647 2380 vera
670 2315 771 2380 verbis
800 2315 831 2377 in
853 2318 916 2378 MI
940 2313 1125 2378 exeuntibus
1149 2313 1183 2377 fit
1208 2315 1270 2399 pri·

103 2422 172 2465 mae
192 2401 323 2486 syllabae
345 2422 408 2465 non
429 2397 614 2484 permutatio
636 2398 689 2465 sed
711 2398 852 2476 amissio,
889 2406 924 2463 ut
942 2396 1059 2479 τίθημι
1078 2392 1188 2481 θήσω,
1221 2399 1269 2463 ‹ll-

103 2485 189 2567 δωμι
208 2481 303 2549 δώσω
309 2534 319 2565 ,
339 2484 472 2567 κίχρημι
490 2479 609 2568 χρήσω.

362 2568 417 2632 IX.
459 2569 507 2631 lle
528 2566 680 2652 praesenti
707 2573 848 2650 tempore
875 2565 1005 2651 passiva.

189 2650 291 2717 Omne
319 2672 463 2736 praesens
485 2659 608 2737 tempus
634 2650 715 2737 apud
738 2650 873 2717 Graecas
899 2650 932 2715 in
956 2652 991 2715 Ω
1013 2648 1156 2715 desinens
1182 2652 1266 2717 madi
1299 2656 1313 2719 1

102 2735 258 2802 indicativi
278 2736 399 2822 generis
418 2736 508 2802 activi
530 2736 616 2803 verbi
636 2736 859 2824 perispomeui,
883 2735 910 2802 si
930 2736 1081 2802 secundae
1101 2736 1316 2823 coniuge-[aaa]

1012 2857 1097 2919 [Ede.
1115 2859 1199 2926 prlcb.

103 2946 144 2995 12.
182 2940 366 2994 Iidemooni.
387 2941 473 2993 zeon.
495 2970 530 2982 -
556 2942 719 2995 tencauda.
754 2941 810 2994 Sed
825 2941 862 2994 cl.
880 2958 905 2993 e.
922 2944 969 3009 14,
994 2941 1023 3008 §i
1044 2944 1090 3003 15,
1108 2946 1155 3005 18,
1172 2945 1215 2992 20.
1231 2966 1275 2983 --

104 3008 244 3062 TPEuse
271 3010 412 3062 ΤΡΕΨΩ
436 3008 468 3062 Ρ.
622 3014 662 3062 13.
697 3012 791 3063 littera
815 3027 851 3062 ea
873 3009 905 3062 P.
1058 3012 1098 3061 14.
1133 3011 1158 3062 ei
1175 3023 1266 3076 quem

101 3076 174 3129 coni.
191 3076 259 3144 Ops.
412 3080 453 3128 15.
489 3084 537 3129 out
557 3078 650 3145 recipit
668 3087 715 3131 aut
730 3079 828 3130 renuit
845 3077 918 3129 caui.
936 3075 1005 3142 Ope.
1043 3084 1091 3129 aut
1107 3077 1200 3143 recipit
1217 3084 1265 3127 cut

99 3142 392 3199 incarceratione
425 3162 508 3197 nanc
525 3145 620 3215 recipit
633 3163 691 3216 pra
707 3147 787 3199 terrai
807 3144 894 3197 Zeun.
927 3143 1120 3197 11111101.-
1149 3142 1265 3195 ΤΙΘΕ-

99 3214 155 3265 MI
168 3211 201 3265 Ρ.

953 3297 1023 3360 [lle.
1041 3294 1072 3345 V.
1106 3293 1157 3346 Ed.
1174 3308 1196 3345 ε.

166 3382 215 3435 rx,
249 3381 331 3435 Inl's
346 3381 419 3433 baec
435 3385 540 3433 tantum
558 3381 705 3451 legantem
742 3386 765 3434 1.
783 3385 855 3445 (13.)
881 3382 957 3434 Item
972 3384 1264 3447 amoepraereorlem·

96 3466 149 3520 pue
172 3452 246 3519 apud
267 3451 380 3502 Graecae
398 3450 427 3501 in
446 3450 474 3501 ii
497 3450 632 3515 desiccare,
663 3450 736 3503 marli
758 3451 913 3513 indicativi,
943 3447 1165 3518 garamantici,
1191 3445 1264 3497 verbi

133 3557 176 3603 1⁰.
210 3552 387 3621 corripiuntur
403 3560 491 3605 cutem
510 3552 538 3603 iu
552 3552 655 3621 salaro]
742 3558 784 3605 13.
818 3553 948 3604 subducta
972 3548 1146 3619 aspiratione]
1169 3565 1210 3601 ee.
1232 3547 1263 3600 iu

97 3620 187 3672 Immo
205 3620 337 3672 videntur
353 3619 456 3687 corripi
475 3624 589 3685 propter
605 3620 657 3671 elu-
704 3621 846 3689 praesenti
865 3626 998 3686 tempore.

97 3687 203 3753 plicam
221 3703 292 3753 qnae
312 3687 655 3753 aequitnrcaneonentem‚
717 3689 860 3757 repertam
877 3686 1090 3739 vehementiorem
1105 3691 1153 3736 aaa
1170 3680 1264 3763 recipie

96 3770 153 3821 qua
163 3754 224 3805 cola
239 3756 439 3820 produceretur
450 3756 571 3822 cylleba.
592 3754 654 3807 vta.
704 3764 753 3808 cut
777 3756 873 3821 tenuit]
901 3754 1045 3819 „Spiritui
1068 3753 1264 3803 vehementior

96 3821 219 3875 Lobeclr.
238 3823 272 3875 ed
290 3822 446 3891 Phrynicb.
466 3839 493 3890 p.
512 3826 569 3875 101.
702 3822 753 3873 irie
769 3830 814 3905 κισ
828 3823 876 3889 qui
894 3822 967 3903 olipa
984 3821 1088 3915 {licitur
1105 3833 1199 3885 asper,
1215 3811 1262 3865 cni

702 3898 854 4023 territa
868 3897 978 4009 ura
994 3882 1262 4029 ,lisinnias

701 4032 780 4078 recte
796 4041 830 4077 οι
845 4024 1055 4077 intellexerunt.
1088 4020 1214 4085 Namque
1235 4032 1262 4067 ar

701 4092 870 4159 reapieimue
882 4092 917 4144 erl
929 4089 1066 4143 uariatum
1080 4084 1168 4167 ἔσχον2
1181 4084 1261 4136 verbi

703 4156 915 4227 tycortgceaa
936 4158 1020 4210 ΣΕΧ
1037 4157 1084 4207 rel
1104 4154 1134 4205 Σ
1153 4169 1182 4204 ru
1201 4170 1214 4204 a
1236 4152 1260 4203 i-

96 4257 203 4323 atiquffl
228 4258 290 4312 flefy
315 4260 407 4311 debet·
441 4259 489 4311 syc
510 4260 653 4311 Anacreon
702 4228 789 4278 ritum
809 4242 939 4294 nuperum
964 4224 1076 4275 mollita
1096 4215 1170 4273 ‘EX.
1233 4218 1260 4271 ie

96 4322 558 4462 χρωχωχχχχ
568 4320 655 4460 χχ
703 4294 1262 4424 talutiffl10l0l3“⁰÷illritlttt

97 4460 140 4523 16,
155 4456 213 4523 §qq
230 4464 259 4511 „y
274 4462 300 4512 ρ,
704 4427 730 4479 ci
747 4428 915 4512 respicich
930 4426 965 4479 nal
982 4442 1129 4509 pfaeaeue,
1157 4423 1262 4488 recipi·

705 4500 766 4561 tur,
784 4501 849 4563 ant,
871 4513 898 4549 aa
914 4494 951 4551 ml
968 4510 1123 4564 originem,
1143 4496 1262 4546 tenetur.

130 3925 173 3974 13.
207 3922 347 3974 necessitas
370 3921 431 3988 illa]
458 3920 581 3985 „Naelm
607 3938 655 3973 ne·

95 3991 242 4042 caecitatem
261 3988 379 4042 subinde
403 3988 520 4040 adhibet
538 4006 589 4055 pro
611 4006 654 4041 re·

95 4059 173 4126 gala.
208 4056 332 4108 Eandem
348 4057 406 4108 vim
425 4056 528 4108 Graeci
549 4050 655 4125 ἀνάγκῃ

97 4123 260 4175 cubiiciunt.
295 4125 365 4177 Nam
382 4140 449 4176 eane
467 4124 495 4176 in
514 4125 589 4177 omni
609 4140 654 4176 re·

97 4193 165 4257 gula
182 4198 225 4244 eat
242 4190 377 4259 quaedam
397 4192 562 4255 neeeaeitan,
599 4206 654 4258 que
