2950 4992
86 156 143 223 DE
164 154 270 221 DIFF.
286 152 343 219 ΕΤ
365 143 453 219 SOC.
468 149 624 218 GRAECI
645 149 775 230 Laut).
791 150 926 218 VERBI.
968 152 1038 219 IIII.
1058 154 1143 221 XIII.
1184 155 1249 222 ete

86 338 164 389 orno
184 322 241 389 nni
260 320 433 407 μέλλοντος
453 320 606 406 ποίησον,
631 319 844 387 coniunctivus
865 319 1020 471 ἀορίστου
1039 323 1098 401 καὶ
1114 324 1248 409 μέλλον-

84 430 139 487 τος
160 404 219 473 ἐὰν
239 404 381 493 notice:
417 406 571 493 optativus
594 426 668 473 vero
694 414 725 471 et
750 406 889 472 infinitus
938 429 992 473 aee
1018 410 1083 474 soie
1107 419 1247 499 tempora

3 530 5 571 q
86 495 246 581 proterunt
268 500 421 578 separata,
458 487 629 576 ποιήσαιμι
648 488 705 555 καὶ
724 486 893 575 ιιοιήσοιμι
914 500 945 557 et
970 492 1021 557 iiie
1040 496 1248 578 ποιῆσαικαὶ

3 646 4 649 ,
85 577 241 663 ποιήσειν.
286 578 463 663 [Optativus
484 575 672 642 Graecorum
692 597 748 641 neo
767 576 870 641 minus
887 597 979 662 quam
1001 579 1168 662 perfectum
1190 606 1248 649 nec

85 666 254 753 perfectum
288 672 410 747 tempus
443 662 585 739 admisit]
635 660 766 746 Utrique
805 683 878 747 ergo
911 662 1038 727 modum
1075 664 1248 751 integritate

85 760 259 835 temporum
282 749 411 813 liberum
433 746 595 812 contractis
615 754 646 811 et
667 745 809 811 coartatis
829 747 896 812 iure
916 760 1118 834 praeponunt
1158 752 1276 820 Dori-5

85 836 185 902 votiva
207 833 313 911 verba,
342 832 371 897 id
394 840 441 897 est
463 852 499 899 ea
517 853 596 918 quae
614 852 652 896 ex
674 831 777 898 verbis
796 831 864 897 aliie
884 832 1079 913 derivantur,
1105 837 1248 903 nonnisi

86 942 123 987 er
146 920 307 985 diffinitive
329 918 478 1003 originem
499 916 680 993 sortiuntur,
698 924 735 981 ut
755 925 804 982 est
818 918 892 1002 θρῶ
914 917 1081 1004 principale
1102 929 1188 987 etex
1210 944 1248 988 eo

85 1006 287 1072 derivativum
313 1000 439 1089 θραύω.
481 1002 532 1067 Sic
559 1003 640 1087 apud
662 1001 788 1067 Latinos
815 1002 991 1068 meditativa
1018 1012 1050 1069 et
1075 1004 1250 1075 inchoativa

86 1099 119 1157 et
138 1089 358 1175 frequentativa
379 1088 472 1156 verba
499 1095 573 1152 sunt
593 1108 632 1151 ex
650 1086 812 1152 diffinitive
834 1087 926 1151 modo
952 1090 1116 1155 verborum
1138 1092 1251 1175 princi·

85 1176 200 1263 palium
223 1174 372 1240 derivata:
393 1172 550 1259 speciatim
571 1192 645 1239 vero
665 1172 757 1238 rerba
778 1171 858 1269 apud
880 1171 1014 1238 Graecos
1038 1195 1117 1260 quae
1138 1176 1170 1241 in
1190 1180 1257 1241 MI

87 1267 202 1325 exeunt
226 1281 264 1325 ex
289 1258 451 1325 diffinitive
474 1265 568 1323 tracta
590 1262 663 1321 sunt
689 1256 829 1323 verbim
853 1258 888 1322 II
910 1258 1066 1336 exeuntis,
1104 1268 1141 1325 ut
1165 1264 1250 1327 τιθῶ

85 1345 210 1427 τίθημι,
232 1343 313 1409 διδῶ
334 1344 464 1427 δίδωμι,
494 1342 572 1407 inrui
591 1342 708 1425 iorqpc.
750 1343 830 1407 Item
852 1342 978 1407 nomina
999 1364 1037 1408 ex
1059 1344 1161 1409 verbis
1182 1350 1279 1415 nas-6

86 1432 195 1507 centia,
213 1449 292 1580 quae
312 1429 356 1493 iiii
376 1424 520 1512 ὀνόματα
541 1421 700 1513 ῥηματικὰ
719 1434 838 1505 vocant,
856 1427 894 1492 de
915 1427 974 1492 hoe
992 1428 1059 1493 soto
1080 1430 1172 1495 modo
1192 1431 1250 1497 sub
1299 1499 1303 1504 ,

87 1516 170 1582 varia
188 1536 224 1582 ve
255 1534 456 1599 personarum
477 1513 525 1580 vei
542 1520 716 1596 temporum
736 1511 940 1578 declinatione
957 1514 1136 1598 procedunt
1170 1516 1251 1584 Nam

87 1622 200 1665 nomen
221 1594 354 1683 γράμμα
374 1622 411 1665 ex
433 1598 531 1684 prima
552 1618 697 1683 persona,
723 1597 754 1662 id
777 1604 825 1661 est
845 1592 1043 1681 γέγραμμαι,
1070 1608 1192 1679 natum,
1219 1610 1252 1667 et

87 1707 201 1751 nomeu
222 1681 344 1768 ψάλτης
363 1707 401 1751 ex
425 1684 516 1750 tertia
540 1702 685 1769 persona,
716 1702 796 1767 quae
819 1690 866 1747 est
888 1679 1038 1763 ἔψαλται,
1069 1685 1251 1771 proiectum,

87 1771 246 1836 literarum
279 1790 358 1855 quae
385 1770 417 1834 in
444 1776 577 1853 utroque
605 1774 678 1833 sunt
708 1766 878 1833 similitudo
905 1767 1008 1833 docet:
1043 1768 1117 1835 item
1143 1766 1252 1855 τύμμα

88 1850 151 1920 ἀπὸ
174 1850 413 1937 παρακειμένου
432 1854 492 1918 τοῦ
512 1852 680 1936 τὲουμμαι,
718 1852 848 1935 ποίησις
868 1861 971 1919 autern
994 1848 1059 1918 ἀπὸ
1079 1851 1253 1938 μέλλοντος

86 1941 146 2005 τοῦ
166 1934 290 2022 ποιήσοι
311 1939 469 2027 conposita
491 1946 578 2004 sunt:
617 1937 720 2002 omnia
741 1936 846 2003 tamen
867 1937 943 2003 baec
964 1939 1089 2005 nomina
1114 1942 1153 2006 ab
1174 1942 1252 2008 indi-

89 2025 188 2093 cativo
209 2025 347 2091 veniunt
373 2024 532 2117 ¹Denique
553 2022 647 2089 Stoici
667 2022 750 2089 hunc
771 2022 872 2089 solum
894 2022 1021 2091 modum
1042 2033 1170 2106 rectum,
1189 2028 1280 2096 vei-i

998 2215 1083 2276 [Ede.
1104 2216 1186 2283 pdab.
1285 2174 1291 2181 -

88 2302 115 2351 4.
150 2300 200 2352 bic
215 2291 358 2365 ποιήσαιμι
379 2295 450 2350 coni.
473 2295 575 2363 zeum,
606 2297 692 2365 „quia
711 2294 841 2363 seqnitur
859 2295 936 2347 iIte.“
955 2316 1051 2349 -nec
1091 2300 1143 2350 luc
1160 2315 1255 2365 quum

88 2371 234 2438 perfeetum
257 2368 330 2418 coni.
352 2365 437 2418 Zeun.
472 2366 532 2419 Vid.
548 2370 604 2418 not.
757 2367 783 2415 5.
821 2364 926 2415 Gracco
950 2364 980 2415 I’.
1003 2392 1037 2404 -
1060 2316 1128 2417 Iacet
1151 2382 1204 2418 orn.
1222 2365 1253 2418 P.

91 2536 205 2604 vulgari
244 2535 441 2587 abhorrentem
479 2530 650 2598 nimpiiciter
699 2530 724 2583 ai
743 2535 800 2595 eat,
832 2546 868 2581 ne
883 2529 996 2598 integra
1012 2532 1126 2600 quidem
1143 2551 1177 2589 ea
1193 2550 1258 2588 erae

92 2602 321 2655 commemoravit
341 2600 494 2651 Fiaeberua
517 2598 649 2651 Animad·
699 2597 785 2650 IaciIe
811 2603 915 2663 patet),
947 2607 997 2653 aut
1019 2602 1128 2669 reliqua
1156 2619 1219 2655 erac
1240 2620 1258 2655 o

92 2688 165 2723 vcra.
183 2670 217 2722 ad
237 2685 353 2734 gramm.
372 2666 500 2727 WaIIori,
519 2682 594 2733 rpeo.
610 2665 650 2729 11,
699 2666 908 2731 comparatione
931 2666 1059 2719 Graecae
1088 2670 1259 2738 Latinaeque

93 2758 121 2807 p.
136 2740 196 2788 382.
232 2736 273 2787 I)c
293 2734 467 2801 imperativi·
488 2733 575 2785 iuturi
594 2733 650 2785 rid.
700 2734 1010 2801 lingonenbiacrobio
1027 2736 1173 2801 instituta,
1207 2740 1257 2791 aed

93 2806 160 2873 quid
198 2802 331 2855 statuerit
363 2800 399 2852 G.
430 2800 582 2851 IIerrnann.
616 2800 652 2852 de
700 2803 737 2854 ab
757 2807 920 2867 excerptcra
938 2802 1081 2872 neglecta,
1112 2822 1184 2872 quae
1201 2807 1258 2858 taIe

94 2871 202 2926 emend.
219 2875 273 2922 ret.
291 2870 339 2921 Gr.
358 2885 401 2937 gr.
419 2868 460 2931 11,
483 2872 530 2933 22,
554 2886 581 2936 p.
598 2871 651 2920 218
702 2869 767 2936 qnid
792 2868 977 2922 continuerit:
1006 2873 1100 2939 Apud
1120 2874 1258 2927 Latinos

95 2958 153 3006 neq,
703 2937 946 3001 coniunctium,
980 2947 1015 2991 ut
1039 2941 1258 3005 indicativae,

128 3010 155 3059 4.
190 2994 514 3069 coniunctieucoioplorov
531 2999 578 3053 noti
592 3000 655 3068 μέλ·
703 3006 792 3057 omnia
805 3005 902 3071 recepit
917 3014 1048 3073 tempora,
1064 3009 1111 3059 red
1126 3010 1260 3077 optativus
1338 3035 1342 3043 ·

95 3072 197 3139 terroe]
221 3069 404 3123 Coniunctiro
422 3069 511 3121 taturi
530 3071 655 3123 Graccoa
703 3080 728 3125 et
754 3072 914 3123 Graecorum
937 3080 968 3125 et
993 3075 1188 3127 barinorum
1210 3093 1259 3127 nec

95 3159 149 3195 noa
167 3157 230 3191 ecce
248 3156 313 3190 urna
330 3144 407 3189 recta
427 3136 523 3189 docuit
540 3137 654 3204 ApoIIo-
703 3140 791 3191 minuc
820 3155 877 3191 nec
903 3139 979 3205 piuc
1005 3159 1086 3208 quom
1112 3147 1260 3211 perfectum

95 3210 159 3263 uiua
183 3208 233 3259 lib.
258 3206 311 3259 111.
332 3207 368 3257 dc
391 3204 504 3273 syntaxi
526 3221 586 3272 cop.
609 3210 654 3269 3⁰,
702 3206 820 3259 adnabit·
855 3204 897 3257 Gi.
916 3207 952 3259 dc
970 3209 1053 3261 verbo
1070 3227 1093 3260 c.
1111 3214 1137 3274 1,
1154 3210 1169 3277 ᾗ
1186 3216 1213 3261 7.

96 3296 123 3345 p.
157 3280 217 3328 271.
267 3274 329 3325 Vid.
363 3273 397 3324 G.
431 3272 585 3324 Hermann.
619 3274 654 3325 de
743 3272 861 3341 Utrique]
887 3273 907 3325 i.
929 3290 954 3325 e.
978 3282 1007 3327 ct
1029 3277 1131 3329 Graeci
1154 3284 1183 3329 et
1206 3277 1261 3329 Im·

96 3342 204 3399 emend.
226 3347 279 3394 rat.
297 3341 346 3392 Gr.
364 3356 408 3407 gr.
431 3356 456 3405 p.
475 3344 535 3391 213.
703 3339 767 3404 tini,
784 3340 853 3393 lieet
869 3340 901 3393 bi
918 3339 948 3393 in
964 3345 1193 3398 antecedentibus
1206 3362 1263 3397 noa

131 3410 286 3479 [Optatiana
311 3409 512 3459 Graecorum..
530 3423 655 3473 neepcr·
704 3408 762 3462 nint
778 3408 925 3461 nominati.
1314 3417 1318 3425 '

93 3484 195 3547 fectum
231 3485 333 3544 ternpus
370 3474 490 3541 admisit]
532 3474 655 3526 Zeuniua
738 3477 845 3529 modurn
862 3477 917 3528 inte
957 3476 1018 3530 'tute
1034 3484 1178 3547 temporum
1196 3478 1262 3531 iibe-

96 3552 174 3599 rectc
195 3544 268 3597 vidit
295 3542 364 3594 terri
394 3557 446 3592 non
476 3556 559 3608 pocae
585 3542 656 3592 haee
704 3543 773 3611 rum]
802 3541 821 3594 i.
840 3560 864 3595 e.
884 3544 913 3595 in
935 3544 1083 3611 teatinum,
1116 3547 1265 3613 eont.§2.

97 3614 196 3667 verba:
215 3627 279 3663 nam
298 3608 440 3675 optativus
454 3607 571 3676 perfecti
585 3613 656 3660 tem·
706 3610 786 3677 Quae
807 3611 931 3664 Zeuniua
955 3614 989 3663 dc
1012 3614 1067 3664 boc
1089 3612 1151 3666 Ioco
1172 3614 1263 3667 aluci-

95 3680 175 3751 porir
193 3683 425 3731 commemoratur
447 3682 476 3729 et
498 3692 583 3743 cupra
599 3678 613 3742 ᾗ
629 3680 656 3727 3.
705 3685 789 3733 natue
804 3684 860 3742 cat,
877 3687 1007 3745 repetere
1023 3681 1112 3734 nolui.

97 3754 127 3803 et
144 3766 167 3799 ο.
189 3750 237 3812 18,
259 3747 272 3811 t
291 3749 304 3797 l
325 3761 382 3812 aeq.
404 3748 432 3795 et
450 3742 478 3796 in
495 3744 657 3811 appendice.
738 3751 766 3798 b.
800 3746 957 3800 meditativa
991 3756 1016 3800 et
1048 3750 1203 3801 inciroatr'co
1237 3755 1265 3802 n

97 3818 198 3881 ltaque
220 3814 305 3866 inanit
326 3810 387 3880 legi
407 3828 454 3864 nce
470 3813 547 3879 pius
564 3828 657 3879 quant
702 3816 902 3883 frequentativa
932 3815 975 3868 CI.
992 3833 1017 3867 e.
1033 3819 1077 3867 213

95 3888 252 3954 perfeetum.
304 3879 420 3932 Poterat
452 3879 538 3931 etiem
573 3880 658 3931 rerba
739 3888 766 3934 7.
799 3889 895 3935 rectum
931 3882 974 3935 ct.
991 3884 1126 3950 IIarmcg.
1145 3878 1209 4002 napi
1227 3878 1265 3933 id.

97 3945 659 4073 ttttrtstttttt‘nt‘tutte
706 3942 885 4083 {niffen}
902 3942 1267 4083 dtttttt'tn‘t

96 4086 449 4157 plusquamperfectum.
484 4080 545 4153 Sed
563 4097 598 4133 uc
616 4080 658 4135 cic
709 4078 1044 4149 Koududtchutrdt
1058 4082 1175 4135 τοιαῦτα
1191 4076 1266 4134 oden

99 4154 211 4221 quidem
235 4150 330 4203 omnia
352 4150 438 4218 plana
462 4155 539 4212 cunt,
559 4165 658 4215 qnam
707 4145 793 4217 ptest
828 4145 1206 4219 epdpeuunuc’dpddcqcu
1218 4147 1267 4200 nui

99 4222 172 4273 baec
199 4222 285 4276 verbe
315 4234 404 4283 neque
432 4216 659 4269 antecedentibus
707 4220 804 4286 καθαρ
823 4237 840 4271 ο
855 4222 930 4270 ποιεῖ
947 4216 997 4271 τὸν
1013 4212 1094 4285 tdpou
1109 4216 1158 4269 καὶ
1176 4216 1266 4297 capri·

100 4304 191 4352 neque
223 4286 405 4354 sequentibus
435 4285 579 4335 commode
610 4284 660 4336 ad·
710 4284 737 4335 εἰ
768 4282 798 4337 δὲ
837 4281 1042 4352 πλαγιάσαις
1078 4278 1112 4335 οὐ
1149 4300 1268 4337 aarum

101 4359 264 4416 nectantur,
302 4352 483 4420 quamobrem
514 4350 594 4403 uncia
627 4366 660 4401 ea
710 4348 882 4406 tavae-otae
898 4352 1053 4418 Κροίσου
1075 4345 1269 4411 ὄντοςείλέ-
1379 4401 1383 4409 ,

100 4420 216 4475 ineluai.
249 4420 383 4471 Videntur
400 4418 474 4472 cuim
491 4424 539 4471 aut
563 4418 662 4471 addita
709 4436 776 4485 μοις.
808 4436 883 4488 ταρα
905 4415 913 4437 “
933 4415 986 4489 γάρ
1003 4436 1044 4479 τις
1067 4413 1156 4480 εὐθὺς
1172 4414 1270 4485 ἐγγίνε-

101 4502 168 4541 eaac
185 4487 221 4538 ab
238 4502 270 4536 eo
294 4486 342 4551 qui
359 4486 591 4553 interpretaretur
613 4500 661 4537 an·
710 4501 757 4536 ται
777 4482 824 4538 διὰ
843 4481 876 4537 τὸ
918 4492 960 4541 εῖν
984 4481 1094 4550 πάντας
1121 4482 1271 4541 ἐπακολου-

103 4551 262 4611 tecedentia
279 4552 343 4605 boec
365 4554 423 4605 roto
438 4560 556 4623 tempora
574 4550 677 4621 (qaod.
710 4551 803 4624 θῆσαί
816 4568 844 4607 τι
860 4546 954 4623 ἕτερον
967 4548 1067 4623 νόημα.
