2950 4992
236 168 301 235 Μ
721 157 931 229 moroan

238 330 405 421 παθητικὰ
433 332 579 401 dixerunt
603 350 683 418 quae
710 331 744 397 iu
771 332 869 395 MAI
892 328 1063 396 desinentia
1094 330 1278 416 significant
1304 333 1427 439 passio·

240 446 322 500 ηοω,
341 430 373 487 et
394 440 517 485 necesse
538 416 654 483 habent
673 415 758 503 iungi
780 416 917 503 genitivo
938 436 1008 481 cum
1032 417 1264 525 praepositione
1288 415 1376 498 υπὸ,
1397 442 1428 484 ac

240 515 369 595 possunt
385 505 496 571 amissa
515 506 612 567 MAI
625 502 740 589 syllaba
759 502 792 567 in
811 502 946 567 activum
962 502 1075 580 redire,
1094 525 1234 587 αρχομαι
1258 496 1339 569 ὑπὸ
1361 508 1427 584 σοῦ,

210 590 409 676 dxetcdopac
433 584 498 655 ὑπὸ
526 590 602 667 σοῦ,
640 590 782 672 τιμῶμαι
809 581 875 652 ὑπὸ
902 587 972 651 σοῦ.
1017 588 1076 655 Cui
1104 610 1142 653 er
1166 610 1265 674 supra
1302 592 1427 675 scriptis

239 676 474 745 diffinitionibus
495 696 558 741 una
578 673 723 751 deluerit,
749 695 806 738 nec
826 666 1034 757 reapparente
1056 695 1113 738 neo
1132 671 1335 757 παθητικὸν
1358 678 1426 741 dici-

239 774 306 831 tur:
340 763 393 829 scd
416 762 441 827 si
465 762 496 827 in
520 762 554 825 Ω
574 760 653 837 erit,
676 755 849 843 οὐδέτερον
868 759 917 824 vel
940 754 1182 842 ἀπολελυμένον
1204 772 1366 838 vocatur,
1396 772 1426 827 ut

208 852 287 917 dest
309 850 350 929 ζῶ
372 848 500 913 nicocoi
519 840 656 929 ὑπάρχω
684 842 831 929 ἑορτάζη.
874 846 911 908 ln
935 843 984 909 his
1010 845 1148 911 invenies
1175 847 1291 931 aliqua
1320 860 1425 933 aperte

240 949 272 1003 et
291 935 430 1001 absolute
448 940 562 1009 actum,
580 930 682 1015 aliqua
703 930 894 1017 designantia
917 930 1106 1015 passionem:
1125 952 1195 996 nam
1216 954 1237 995 τ
1264 930 1339 1015 ε’χω
1360 929 1424 1017 ἄρι-

240 1023 305 1089 osri
332 1018 497 1104 περιπατῶ
527 1016 565 1083 de
591 1025 701 1102 agente
728 1016 889 1091 dicuntur,
927 1017 1016 1080 νοσῶ
1041 1024 1145 1083 autem
1173 1024 1206 1082 et
1226 1022 1424 1103 οφθαλμιῶ

210 1109 306 1175 deine
329 1104 424 1171 dubio
443 1103 616 1189 passionem
638 1110 763 1167 sonant:
785 1101 838 1167 sed
858 1120 961 1187 neque
978 1100 1077 1167 activa
1096 1102 1148 1167 illa
1165 1102 1337 1182 dicuntur,
1357 1105 1423 1190 quia

239 1201 272 1259 ot
299 1191 375 1257 nulli
406 1189 445 1255 de
478 1210 575 1275 supra
596 1188 685 1253 dictis
712 1187 834 1254 casibus
859 1186 946 1269 iungi
975 1195 1105 1272 possunt
1131 1209 1189 1253 nec
1214 1190 1329 1254 MAI
1354 1192 1422 1255 reci·

240 1278 344 1365 piuut;
385 1296 456 1341 nam
477 1295 534 1341 nec
553 1268 656 1357 τρέχω
676 1287 711 1337 σε
734 1294 791 1339 ηοο
812 1267 935 1358 dpcasoi
956 1286 991 1335 σε
1015 1293 1072 1336 ηοο
1091 1278 1261 1357 περιπατῶ
1287 1273 1330 1340 σὲ
1355 1277 1422 1341 dici·

239 1373 307 1441 tur,
349 1382 406 1427 nec
429 1369 531 1447 potest
552 1358 683 1425 transire
703 1359 735 1424 iu
762 1354 915 1444 τρέχομαι
935 1351 1002 1422 ὑπὸ
1021 1358 1099 1438 σοῦ,
1121 1354 1340 1444 ·ἀριστῶμαι
1361 1357 1420 1427 ὑπὸ

211 1450 311 1529 Ἰηοῦ,
333 1448 571 1533 περιπατοῦμαι
589 1439 654 1510 eiad
677 1446 758 1510 cod.-
783 1444 838 1510 sed
861 1466 918 1509 uec
937 1445 1025 1508 cocci
1045 1451 1078 1508 et
1094 1438 1290 1529 ὀφθαλμιῶ,
1314 1470 1420 1534 quam·

240 1534 287 1602 vis
308 1535 398 1600 verba
417 1531 480 1599 sint
501 1531 659 1618 passionis,
678 1531 738 1597 dici
759 1524 925 1614 παθητικὰ
941 1536 1081 1615 possunt,
1100 1530 1173 1615 quia
1191 1553 1249 1597 nec
1271 1534 1309 1599 in
1331 1535 1422 1597 MAI

240 1620 386 1687 desinunt
407 1639 463 1683 ηοο
487 1618 650 1704 quisquam
673 1616 862 1700 significatur
888 1615 1037 1701 passionis
1065 1624 1173 1681 auctor
1198 1639 1258 1682 nec
1288 1620 1418 1685 subiun-

240 1706 323 1791 gitur
342 1704 403 1770 illis
424 1697 490 1768 dard
508 1704 585 1782 σοῦ,
626 1703 709 1789 quod
732 1702 891 1801 proprium
914 1701 1104 1787 passivorum
1126 1710 1183 1767 est
1225 1704 1313 1770 Nam
1338 1705 1415 1769 etin

240 1792 339 1858 activo
371 1797 403 1855 et
429 1790 549 1875 passivo
575 1789 689 1861 debent
716 1786 897 1853 omnimodo
923 1786 1018 1865 duae,
1056 1794 1088 1851 et
1113 1787 1368 1856 administrantis
1389 1797 1416 1853 ct

240 1873 434 1951 sustinentis,
470 1875 595 1940 subesse
622 1894 786 1960 personae:
828 1873 903 1938 haec
925 1872 1019 1955 igitur
1058 1871 1109 1937 uia
1131 1881 1267 1961 utroque
1289 1876 1414 1941 nomine

190 1967 382 2048 [serperent
421 1959 502 2043 apud
534 1959 603 2025 illos
632 1955 788 2044 οὐδέτερα
812 1959 860 2023 vel
881 1953 1046 2039 circadalvp
1083 1958 1292 2040 edicuntur,
1338 1962 1413 2026 sicut

211 2044 323 2131 Sapud
344 2042 470 2108 Latinos
491 2046 556 2108 octo
578 2047 647 2109 caco
666 2047 758 2109 valeo.
801 2044 862 2109 Sed
884 2044 964 2109 sicut
988 2043 1090 2128 aliqua
1117 2044 1198 2130 apud
1222 2045 1363 2112 Graecos
1383 2046 1412 2109 in

243 2132 278 2195 a
300 2128 444 2195 exeuntia
471 2128 643 2212 significant
668 2130 857 2215 passionem,
896 2129 939 2195 ita
961 2129 1057 2195 multa
1083 2130 1239 2215 repperies
1263 2133 1296 2197 in
1321 2131 1415 2194 MAI

241 2214 410 2282 desinentia
431 2222 463 2279 et
485 2214 614 2281 activam
635 2222 754 2280 tanturn
782 2213 927 2280 habentia
947 2214 1216 2299 significationem:
1252 2227 1289 2283 ut
1315 2212 1410 2299 κήδο-

241 2303 301 2387 μαί
322 2318 393 2382 σου,
416 2300 571 2387 φείδομαί
593 2316 663 2383 σου,
684 2296 877 2386 ἐπιμέλομαι
897 2315 969 2382 σου,
990 2297 1166 2385 ίπηάζομαί
1183 2317 1244 2381 aas,
1262 2299 1409 2385 μάχομαί

308 2494 363 2547 Μι.
380 2494 427 2556 Ρ.]

239 2582 265 2629 5.
300 2578 487 2647 designantia
503 2578 605 2647 scripsi
622 2596 637 2631 e
656 2576 727 2631 coni.
745 2578 797 2637 (ct.
814 2576 965 2644 intrate.
982 2576 1214 2643 atsaiw.)
1248 2577 1406 2647 designant

241 2646 271 2696 P.
307 2648 462 2717 designare
490 2647 559 2699 Edd.
712 2650 736 2697 6.
772 2639 831 2697 siud
851 2660 901 2696 aaa
923 2644 1023 2705 (eliam
1047 2644 1135 2706 intra)
1160 2646 1229 2697 lldd.
1379 2648 1403 2693 8.

239 2714 377 2767 dolentia
394 2713 621 2783 scripsieconi.
655 2714 883 2767 hadentllddd’.
919 2713 979 2764 Vid.
998 2720 1105 2765 aot-
1127 2707 1400 2779 laadccposooupd

239 2928 294 2965 uon
323 2912 393 2967 satis
419 2914 515 2981 liquet.
550 2916 639 2969 Recte
668 2934 737 2984 ergo
765 2916 801 2969 de
883 2922 909 2968 et
930 2915 958 2967 ia
976 2917 1064 2969 actico
1084 2924 1109 2968 et
1126 2917 1245 2986 persico]
1269 2917 1330 2969 vtd.
1351 2917 1397 2967 not

238 2982 315 3033 verb.
337 2983 356 3034 Ι.
379 3001 402 3035 ο.
422 2983 517 3034 addita
539 2987 583 3036 rel
608 2990 801 3038 retentarunt
850 2983 886 3035 ad
905 3001 928 3033 c.
947 2986 990 3049 23,
1008 2983 1022 3050 ᾗ
1039 2988 1065 3034 2.

240 3052 339 3101 verba:
375 3051 444 3103 Nam
461 3060 486 3103 ct
503 3054 549 3117 qui
566 3055 627 3121 agit
646 3062 670 3105 el
689 3055 734 3121 qui
747 3071 800 3124 pa·
883 3056 910 3102 8.
944 3052 984 3102 ita
1013 3052 1098 3103 molta
1124 3053 1257 3120 repperies
1284 3054 1312 3105 in
1337 3046 1396 3103 MAI

238 3119 305 3170 litor
321 3126 423 3170 mente
438 3120 611 3181 adficitur.
850 3119 998 3170 desinentia
1014 3128 1039 3171 et
1056 3121 1172 3171 activam
1191 3129 1295 3172 tantum
1312 3120 1395 3172 dalen-

273 3188 298 3235 3.
333 3202 434 3237 neeesse
457 3186 552 3238 habent
576 3187 666 3257 iungi]
692 3188 799 3241 Eadem
849 3187 890 3238 tia
908 3187 1139 3267 significationem]
1166 3187 1198 3239 la
1220 3190 1302 3241 libris
1319 3182 1395 3239 omni·

239 3252 410 3306 constructio
434 3254 479 3306 lais
503 3255 609 3323 legitur
630 3258 665 3309 de
685 3258 760 3309 verb.
780 3258 800 3310 l.
850 3254 902 3305 laus
925 3258 1032 3319 legitur
1054 3256 1174 3319 dotent,
1210 3258 1260 3307 sed
1288 3253 1395 3323 pendeat

239 3337 262 3371 c.
285 3320 342 3387 53.
849 3321 921 3373 lroec
939 3324 974 3374 ab
999 3324 1181 3375 antecedente
1200 3326 1337 3393 repperies,
1365 3320 1392 3395 ῑξῑ

272 3391 297 3441 4.
337 3384 482 3459 οὐδέτερον
516 3392 558 3443 vel
590 3384 798 3461 ἀπολελυμένον]
851 3390 1031 3458 participium
1066 3393 1227 3443 necessario
1258 3393 1296 3445 sit
1324 3392 1395 3441 restr-

173 3490 178 3499 -
237 3456 278 3507 De
295 3459 371 3508 verb.
397 3458 669 3523 l.c.§4.11ntine:
702 3469 799 3513 neutra
832 3460 992 3524 tuendum,
1008 3458 1063 3509 uisi
1080 3460 1154 3512 forto
1171 3460 1261 3512 maris
1277 3455 1396 3519 cumlia-

237 3526 415 3588 eludentem,
451 3534 480 3579 ct
498 3528 633 3581 Priscian.
653 3529 702 3583 lib.
724 3529 798 3593 Vlll,
849 3543 952 3592 sopoeo
987 3528 1122 3579 scribere:
1159 3546 1244 3595 puae
1278 3526 1396 3580 sasitos

238 3590 301 3643 init.
327 3594 362 3644 Et
381 3602 501 3646 neutra
523 3599 592 3649 enirn
615 3616 683 3666 qaae
705 3600 799 3649 dicun·
848 3596 1040 3663 iungantur
1055 3604 1081 3648 et
1099 3597 1215 3649 activam
1232 3598 1328 3648 doleat
1349 3592 1397 3658 sig·

238 3659 459 3713 tarcdsclata.
847 3663 1032 3729 nificatr'oaera.
1067 3662 1163 3715 Simili
1186 3666 1268 3715 modo
1293 3654 1396 3729 supral

271 3730 297 3777 5.
330 3730 479 3794 passionem
493 3730 596 3799 sonant]
611 3732 737 3785 Offendit
753 3749 798 3784 me
848 3734 874 3781 5,
893 3730 920 3781 in
943 3731 1039 3781 codice
1059 3731 1165 3798 legitur
1183 3734 1339 3799 desigam
1356 3739 1397 3793 91⁰

237 3791 287 3845 hic
312 3794 398 3848 huius
427 3798 505 3850 verlsi
534 3818 609 3853 usus.
644 3801 798 3857 Dicendum
849 3799 1048 3867 designantia,
1081 3801 1155 3865 quod
1179 3799 1250 3851 milri
1272 3810 1398 3867 reponen-

238 3868 299 3915 erat
316 3871 376 3927 aot,
396 3872 425 3917 ut
444 3869 550 3935 legitur
566 3870 578 3933 t
597 3873 633 3929 8.,
648 3870 798 3935 passionom
848 3865 914 3918 dans
938 3882 1002 3917 esse
1024 3866 1173 3919 videbatur
1200 3885 1251 3933 pro
1273 3885 1307 3919 eo
1335 3858 1398 3932 qnod

237 3931 436 3999 significant
454 3943 575 3999 tantum,
595 3944 656 3997 aut,
678 3943 707 3986 ut
726 3936 799 4003 logi·
849 3932 879 3984 in
903 3933 979 4001 typis
999 3933 1084 3986 editis
1107 3936 1317 4003 exemplaribus
1335 3929 1399 3999 legi·

238 4004 284 4050 tor
311 4001 324 4067 l
349 4006 407 4068 13.,
431 4006 581 4072 passionem
603 4004 800 4073 significant
850 4008 905 4063 tus,
922 4002 1086 4069 designare.

237 4068 526 4123 subactioosoao.
882 4064 1035 4134 ὶπποὶζομηί
1067 4068 1120 4137 σοι]
1158 4070 1198 4121 De
1235 4070 1289 4121 hae
1322 4066 1399 4121 unios

272 4136 346 4187 MAI
361 4139 501 4208 recipiant]
525 4139 600 4191 idem
623 4143 668 4191 est
687 4154 720 4191 aa
743 4140 797 4205 §2
848 4137 927 4187 rarlvi
958 4138 1164 4189 constructione
1198 4138 1252 4189 vid.
1283 4145 1339 4190 aot.
1367 4130 1399 4184 ad

236 4210 344 4285 accepta
370 4208 446 4258 MAI
468 4210 572 4276 syllaba
601 4215 743 4263 transeant
768 4208 798 4259 iss
847 4207 949 4287 fragm.
965 4207 1006 4286 de·
1016 4205 1094 4259 verli.
1112 4222 1135 4257 c.
1151 4211 1176 4268 9,
1187 4207 1206 4287 ‘t
1223 4211 1248 4257 8.
1285 4201 1400 4287 Zounius

232 4287 387 4391 P'if'l‘sl'l
401 4356 449 4391 ..η
463 4378 488 4393 ..
509 4343 562 4394 ω·
575 4338 717 4409 ..ωηο
734 4358 798 4409 ρ...
845 4275 1250 4405 tltttffitt'lllttlt
1269 4268 1397 4393 'ttllt

235 4404 306 4467 snat]
325 4406 505 4471 Respondent
520 4411 589 4461 haec
606 4409 798 4461 antecedenti·
846 4409 928 4472 „Hoc
948 4409 1063 4459 verbum
1085 4426 1147 4459 cum
1166 4427 1278 4477 semper
1295 4406 1399 4475 passive

234 4468 303 4518 huss
331 4473 384 4523 Sed
404 4492 505 4541 nepae
521 4481 609 4530 octioa
630 4479 681 4529 illa
701 4478 796 4529 dicun·
845 4481 976 4526 occurrat
994 4476 1039 4527 vel
1059 4476 1094 4526 de
1112 4478 1207 4542 equita
1224 4478 1273 4549 qui
1293 4476 1398 4529 vehitor

234 4538 294 4647 Εἶὲν
328 4543 559 4605 tit'supervacua
589 4546 628 4598 sit
656 4545 796 4613 particula
844 4542 1398 4667 l⁰¹d⁰1⁰qu⁰iui‘giwii'omii

284 4632 291 4645 ·
857 4625 1218 4681 ocopauoaroaumpu
1251 4628 1398 4665 nume·
