2950 4992
185 159 206 204 x
295 203 304 218 ,
625 128 960 202 Paciaecitaan.

184 306 316 358 molerem
335 315 401 356 eree
419 315 500 366 qaam
519 313 599 366 quen
617 303 711 367 capiet
728 303 865 356 hominnm
880 305 1009 368 mattae,
1031 303 1122 356 saliri
1139 306 1232 358 umen
1248 307 1284 358 ab
1301 320 1338 358 eo
1357 309 1404 374 qui

184 391 355 456 caelestibus
370 389 483 440 intersit
500 387 632 455 secretis,
650 401 722 451 quae
741 390 829 440 reris
842 389 968 442 nitantur
986 385 1095 456 (Sama.
1109 391 1145 454 V,
1161 390 1201 456 8.)
1219 391 1329 443 verbm
1347 393 1404 446 llec

183 476 271 528 sonita
289 475 409 548 oppletae
428 489 506 525 auree
524 473 656 524 hominum
675 473 869 526 maurianensi
890 479 947 526 eet.

254 561 338 623 capp.
367 560 435 610 o-e.
463 561 496 610 rie
521 563 599 610 terre
626 559 700 623 egit,
734 572 790 623 quia
815 559 1129 612 eoeneum-ciceroni·
1151 557 1260 622 (Saue.
1283 562 1336 625 vi,
1363 563 1404 626 1.)

183 647 284 697 verbs:
309 645 389 696 Vides
408 644 525 696 lectitari
542 645 570 695 in
588 651 659 694 terra
675 644 748 695 rarle
764 651 789 694 et
807 645 932 710 angustie
949 645 1014 695 lecte
1031 651 1103 706 eet,
1126 649 1211 708 atque
1229 645 1344 706 prinam
1362 647 1405 710 (a.

181 730 221 795 ⁵.)
237 733 270 780 de
288 731 408 794 quiaque
424 730 546 793 cingulis
566 730 612 778 vei
629 727 713 777 aenis
730 732 759 777 et
775 729 810 776 de
826 717 966 789 sepniatis
982 736 1066 792 atque
1085 730 1249 791 interruptis
1264 731 1404 782 hominum

181 817 414 879 habitationibus,
451 829 531 878 queam
549 827 605 863 rem
625 812 744 872 amplius
761 813 885 873 explieat
904 814 999 864 addite
1016 811 1108 877 figura
1130 814 1187 878 (ca.
1206 815 1221 863 6
1239 818 1268 864 et
1286 814 1341 879 1.),
1374 822 1406 867 et

181 903 334 952 occneiane
352 903 446 950 cointe
464 899 504 962 (e.
522 899 561 959 e.)
580 896 767 958 exponitque
786 899 868 947 morlo
886 899 1024 962 Virgilius
1040 899 1162 964 (Georg.
1180 899 1290 963 Lali.)
1306 901 1405 952 uicere

178 987 272 1049 possit
290 985 361 1035 solie
383 983 453 1033 atem
472 988 568 1032 reatem
584 993 650 1030 esse
665 996 713 1047 per
728 981 820 1032 emine
837 994 930 1032 zonas
949 988 1136 1049 temperatae,
1165 985 1284 1046 denique
1301 983 1342 1048 (a.
1361 987 1404 1051 a.)

178 1072 273 1121 aedita
298 1067 388 1132 figura
406 1071 496 1118 tentat
514 1067 647 1117 evincere
671 1066 925 1118 rerbe⁴tliceronie
945 1067 1052 1132 (Some.
1073 1069 1126 1132 Vl,
1150 1069 1205 1134 l.)=
1229 1070 1314 1121 osenia
1330 1076 1405 1122 terre

179 1169 246 1222 quae
265 1153 359 1203 colitur
377 1167 394 1202 a
412 1151 484 1202 eolis
498 1167 585 1217 parea
604 1151 734 1218 quaedam
754 1158 793 1203 est
809 1152 913 1214 issula,
936 1165 992 1202 non
1009 1166 1096 1216 posse
1113 1153 1254 1220 intelligi,
1275 1154 1405 1206 nisiae-

177 1228 290 1288 beamus
309 1241 478 1300 compertum
498 1236 629 1301 ‚,gcmino
649 1237 750 1287 oceani
763 1234 889 1288 enatent<
907 1241 1001 1288 terrae
1020 1251 1123 1300 cerpus
1139 1252 1219 1288 omne
1234 1238 1405 1305 circumlini,

178 1335 260 1386 quum
278 1324 350 1374 alter
371 1335 442 1387 „per
460 1326 674 1372 nonam-terrae
699 1322 817 1372 calidam
833 1322 942 1388 meet“,
976 1324 1050 1375 alter
1074 1324 1202 1389 ,pinibus
1220 1326 1255 1376 aa
1271 1325 1323 1390 illo
1341 1325 1404 1376 ori-

176 1407 264 1472 ginali
279 1406 404 1458 relnsis“
422 1410 456 1458 aa
478 1408 694 1470 septentrionem
715 1411 800 1471 statie
822 1409 857 1457 na
874 1413 1000 1460 austrum
1023 1406 1162 1459 flectatur.
1201 1402 1204 1405 ’

244 1494 298 1544 iam
318 1494 358 1558 (c.
378 1494 434 1558 10.)
453 1507 484 1543 se
501 1499 671 1544 convertens
688 1493 723 1544 ad
742 1492 849 1557 (Some.
868 1494 920 1557 Vl,
939 1493 978 1559 1.)
996 1496 1098 1544 verae:
1119 1494 1163 1543 Ex
1180 1493 1304 1560 lucipeta
1320 1491 1404 1546 celtis

175 1577 295 1644 notisque
309 1579 386 1629 terrie
401 1585 527 1630 aamaut
544 1585 618 1628 teram
637 1586 684 1630 aut
703 1575 858 1645 cuiusquam
875 1585 993 1630 nestram
1010 1595 1104 1629 nomen
1125 1577 1168 1628 ael
1188 1579 1336 1628 Cantennam
1354 1611 1403 1628 ...

174 1664 358 1713 transcendere
375 1663 474 1728 potuit,
504 1663 633 1714 velillum
658 1664 773 1731 Gangen
790 1671 944 1725 tramittere,
970 1668 1000 1714 ei
1017 1664 1096 1728 (ibid.
1114 1663 1179 1727 vii,
1194 1662 1235 1727 1.)
1249 1680 1304 1712 aare
1316 1652 1403 1712 'moda

174 1763 226 1796 aaa
244 1755 379 1798 asianam
396 1745 442 1794 secl
457 1763 490 1794 ne
506 1747 658 1796 diuturnam
677 1749 781 1811 quidem
799 1749 916 1815 gleriam
933 1750 1045 1816 adsequi
1058 1761 1206 1815 pessumas,
1223 1749 1403 1798 demonstrat

175 1831 311 1878 nominum
338 1827 456 1890 gloriam
481 1832 509 1877 et
533 1830 625 1888 spatio
653 1835 681 1878 et
702 1833 834 1890 tempore
857 1835 1003 1895 coerceri,
1040 1847 1103 1884 nan
1129 1833 1257 1882 munium
1287 1829 1403 1894 ipuidem

173 1917 316 1966 aeternum
335 1925 411 1977 esse,
427 1913 476 1960 sed
494 1925 561 1977 „res
579 1913 710 1962 humanas
729 1925 763 1960 ex
780 1919 860 1972 parte
875 1917 992 1964 maxima
1009 1916 1097 1977 saepe
1116 1901 1248 1975 accidere
1265 1912 1404 1966 manente

172 1999 290 2060 mando,
326 2001 355 2045 et
382 2008 481 2045 rursus
511 1995 579 2045 oriri
611 1996 656 2045 vel
683 1996 816 2045 eluvione
842 1997 967 2051 aieieeim
989 1999 1036 2046 vel
1056 2000 1205 2048 ernestione
1227 1997 1403 2060 redeunte“‚

173 2080 254 2131 euius
282 2079 486 2129 vicissitudinis
510 2079 625 2141 exponit
652 2084 679 2129 et
704 2092 819 2129 caeream
847 2084 877 2129 et
908 2079 1117 2130 necessitatem.
1165 2080 1285 2141 Propter
1307 2077 1402 2127 verita

172 2164 280 2230 (somn.
298 2165 396 2230 vii,t
417 2164 490 2228 sq.):
511 2164 667 2230 praesertim
688 2179 746 2213 cam
825 2179 901 2214 nemo
920 2163 1000 2213 naias
1017 2163 1083 2214 anni
1103 2162 1253 2212 memoriam
1271 2163 1402 2225 consequi
1435 2163 1438 2166 ’

168 2249 268 2316 possit,
348 2254 403 2299 tam
422 2249 468 2298 ille
485 2264 545 2299 aare
560 2256 661 2300 certare
681 2264 768 2298 annae
787 2249 920 2315 appellari
936 2255 1035 2315 patent,
1113 2247 1187 2297 enias
1205 2246 1309 2312 quidem
1326 2247 1400 2296 anni

169 2333 285 2386 nondam
303 2332 453 2383 vicesimam
469 2339 571 2399 partem
589 2334 652 2384 scito
670 2349 724 2383 eree
742 2349 902 2399 conversam,
920 2333 959 2398 (a.
973 2332 1030 2398 it.)
1049 2333 1207 2382 ostenditur
1223 2331 1270 2394 qui
1286 2331 1325 2379 sit
1342 2331 1398 2380 ille
1469 2396 1470 2403 ἵ

169 2431 259 2472 annus
277 2431 394 2482 magnus
412 2420 457 2468 vel
475 2431 542 2469 vere
561 2423 686 2486 vertens,
700 2421 729 2468 et
744 2425 860 2482 propter
878 2421 965 2469 verton
982 2418 1089 2482 (somn.
1103 2417 1178 2479 Vlll,
1197 2416 1261 2481 2.):-
1274 2414 1313 2464 Τιι
1330 2431 1397 2466 vcra

227 2505 264 2556 eia
281 2499 389 2566 habeto,
411 2521 463 2554 aea
483 2519 538 2556 esee
554 2509 580 2554 le
596 2504 747 2566 mortalem,
769 2504 816 2554 sed
835 2519 929 2570 corpur
946 2503 994 2553 leae
1082 2503 1165 2552 Deam
1182 2509 1208 2552 te
1223 2501 1310 2567 igitar
1326 2500 1396 2551 scita
1469 2500 1470 2503 ’

169 2605 236 2652 esec,
264 2589 601 2656 (c.12.)dcmonstratur
620 2590 739 2640 enimam
757 2601 812 2639 nan
832 2589 921 2639 solum
939 2579 1122 2642 immortalem
1143 2588 1192 2635 sea
1214 2587 1293 2634 denum
1312 2597 1394 2650 esse,

169 2677 197 2722 ei
218 2674 291 2735 quad
315 2672 416 2724 Cicero
441 2675 510 2724 aicit
533 2674 627 2739 (iota.)
649 2673 775 2725 mundata
803 2674 921 2739 quadam
939 2679 1018 2738 parte
1040 2670 1192 2733 mortalem,
1227 2669 1392 2720 Macrobius
1469 2690 1470 2693 ¹

169 2756 197 2821 (a
215 2757 248 2804 ie
266 2755 341 2818 sqq.)
360 2745 485 2822 niueum
505 2759 538 2806 ad
559 2760 727 2808 commulnem
751 2759 908 2820 opinionem
931 2757 1089 2823 respicere,
1121 2769 1202 2819 qurum
1221 2768 1237 2804 e
1256 2768 1324 2804 vera
1341 2768 1392 2804 ra-

169 2841 245 2890 tione
265 2842 378 2889 constet
395 2841 462 2890 nillil
479 2841 553 2890 intra
574 2843 700 2890 monadum
720 2843 823 2903 perire.
859 2841 984 2903 Denique
1002 2843 1089 2892 verba
1107 2841 1215 2905 (somn.
1235 2841 1315 2901 Vlll,
1334 2839 1391 2904 3.):

170 2924 240 2976 Nam
259 2923 329 2990 qaod
347 2939 447 2990 semper
463 2915 594 2986 movetur,
613 2933 748 2976 aeternam
765 2932 805 2977 eet
820 2929 892 2990 cet,
908 2926 978 2975 elicit
995 2925 1035 2989 (c.
1051 2915 1109 2990 te.)
1128 2927 1162 2974 ae
1178 2926 1305 2975 Phaedra
1323 2926 1392 2974 Pla-

167 3009 243 3059 tonis
268 3021 334 3058 esse
353 3009 506 3071 translata,
535 3021 623 3070 eaque
641 3011 779 3075 explieat,
807 3013 837 3058 et
859 3009 942 3059 alleri
962 3012 1128 3072 argumente
1150 3009 1191 3074 (c.
1209 3009 1266 3065 11.)
1288 3009 1391 3077 quillis

166 3094 337 3144 Aristoteles
362 3095 462 3155 probet
484 3093 621 3159 ‚maiman
640 3107 695 3144 non
715 3095 806 3144 saltim
821 3107 858 3144 ex
875 3107 909 3143 se
926 3107 982 3143 nae
1001 3094 1123 3160 moveri,
1155 3096 1205 3144 een
1226 3107 1263 3144 ne
1280 3082 1390 3146 moveri

167 3180 274 3242 quiidem
292 3175 434 3242 penitus“,
466 3183 495 3228 et
518 3177 633 3243 (0.15.)
659 3180 759 3242 quibus
775 3178 914 3228 Platonici
936 3179 1203 3230 solemnissimam
1225 3192 1261 3228 ex
1276 3192 1310 3229 ec
1322 3193 1391 3229 mo-

166 3265 240 3330 veri,
256 3267 284 3314 et
302 3269 344 3329 (a.
361 3263 418 3328 16.)
438 3263 536 3326 noiibus
553 3263 633 3312 iidem
652 3266 803 3314 ostendant
819 3277 940 3314 neeesse
959 3266 1026 3315 esse
1043 3266 1160 3315 animam
1178 3264 1294 3314 moveri.
1328 3267 1391 3314 lle-

165 3351 248 3413 niaue
269 3353 385 3412 propter
404 3351 489 3399 verba
508 3350 616 3413 (Sumo.
634 3349 687 3413 lx,
712 3350 769 3412 2.):
804 3349 882 3399 Hanc
900 3357 928 3400 ta
945 3366 1033 3400 exerce
1051 3337 1165 3416 optimis
1180 3350 1209 3399 ιἰι
1226 3349 1302 3399 retae
1320 3355 1390 3416 cea,

164 3438 291 3498 exempla
313 3435 394 3486 affert
416 3436 456 3500 (a.
476 3434 532 3500 11.)
558 3435 694 3485 trerminum
721 3436 861 3485 clarorum
882 3436 929 3497 qui
954 3434 1135 3484 exercererint
1157 3438 1290 3496 qieuttaar
1312 3448 1388 3497 qaae

73 3587 78 3592 .
164 3521 469 3586 constitueremini,
502 3533 563 3583 cap.
582 3522 736 3584 8.·genera
752 3521 900 3583 virtutum,
932 3520 1104 3572 etosteatlit
1122 3521 1157 3568 aa
1176 3518 1388 3581 quaeritantes

164 3606 321 3690 Scipionem
335 3606 444 3655 excitet
462 3609 547 3666 avus,
566 3612 594 3654 et
612 3607 640 3654 in
658 3606 721 3667 ipsa
740 3602 795 3656 fine
815 3608 987 3655 amnestrat
1007 3605 1165 3657 universam
1182 3603 1387 3666 philosophiam

165 3693 219 3740 lxoc
237 3689 345 3739 sonnio
365 3689 505 3750 Scipionis
525 3690 663 3742 contineri
685 3690 722 3756 ι).
1047 3703 1054 3712 ·

230 3775 273 3825 lta
298 3773 557 3834 commentariorum
581 3779 747 3838 emanente
770 3787 832 3825 euni
850 3773 999 3841 ciceronis
1023 3772 1118 3822 veritis
1141 3771 1299 3835 composita
1321 3772 1387 3824 eai-

1241 3885 1246 3894 ·
1352 3881 1371 3916 ο

232 4049 259 4107 1)
276 4045 367 4098 lerina
382 4061 453 4112 quae
470 4045 638 4096 antecedant
656 4045 683 4111 (5
703 4049 772 4106 15.)ι
790 4047 875 4110 Quia,
893 4062 950 4096 cam
966 4044 1019 4096 siat
1035 4044 1116 4095 tettae
1130 4043 1314 4111 philosophiae
1328 4050 1385 4095 tres

159 4123 250 4183 partes
327 4117 430 4168 attilam
449 4115 480 4164 de
499 4116 581 4166 tribas
604 4115 734 4166 'l'alliae
751 4119 785 4166 ia
802 4116 861 4166 ltoe
878 4115 1000 4164 somnio
1015 4113 1207 4179 praetermisit,
1241 4115 1304 4162 lnce
1322 4113 1383 4164 ele-

161 4183 221 4237 riue
239 4187 389 4238 ostendant
407 4183 507 4236 uerba:
528 4186 609 4246 ‚Vere
629 4184 716 4250 igilur
733 4183 960 4250 pronuntiandum
977 4189 1029 4246 apt:
1047 4181 1114 4239 nihil
1130 4180 1186 4230 liae
1202 4197 1299 4248 opere
1318 4195 1382 4247 per-

157 4253 271 4316 fectius,
290 4270 340 4320 qao
358 4254 483 4308 anniversa
499 4252 688 4324 philosophiae,
699 4255 846 4303 continetur
862 4249 1018 4316 integritas,
1037 4249 1183 4301 referenda
1200 4266 1261 4300 esse
1280 4249 1315 4300 ad
1334 4248 1384 4299 Ci-

161 4320 270 4370 ceronie
289 4319 431 4371 Somnium
449 4321 604 4396 Scipionis²
641 4326 671 4370 ul
689 4319 974 4381 ridicula'sint·quae
991 4317 1105 4381 scripsit
1125 4317 1265 4368 Funccius
1287 4318 1306 4367 i.
1325 4317 1380 4382 ο.)

159 4391 216 4438 28.ι
250 4387 388 4449 „Exstant
412 4393 440 4448 l)
459 4389 520 4439 eius
544 4389 816 4446 Commentariorum
840 4386 868 4436 in
893 4385 986 4436 Somn.
1009 4385 1084 4450 Seip.
1112 4386 1178 4436 lilrri
1201 4387 1256 4437 dua
1278 4385 1381 4451 quibas

159 4455 286 4524 proiecto
309 4457 448 4523 magnam·
464 4457 631 4510 cruditionis
652 4465 818 4523 apparatam
840 4453 970 4506 ostendit.
1006 4453 1041 4503 Et
1064 4453 1125 4519 ipsc
1145 4454 1381 4507 commentatione

158 4531 284 4578 extreme
303 4541 368 4576 vere
386 4524 621 4594 pronuntiandum
640 4533 745 4591 patet„
767 4523 841 4578 ninii
865 4523 919 4574 leae
942 4538 1027 4589 apere
1051 4523 1224 4592 periectius“
1247 4528 1316 4590 eta,
1349 4526 1381 4576 nl

159 4591 319 4646 Macrobius
337 4591 570 4660 arrogantissime
589 4594 623 4645 (le
642 4609 692 4654 suo
709 4610 793 4660 opere
813 4591 955 4644 iudicasse
972 4589 1109 4643 videatur.
