2950 4992
269 177 406 246 COMM.
427 176 471 244 IN
492 174 619 244 SOMN.
640 173 739 244 SCIP.
783 177 858 242 le.
880 179 902 243 l.
946 179 1036 248 GAP.
1058 182 1110 249 Vl.
1228 186 1269 254 51

103 346 242 431 corporis
262 345 405 412 fabricam
426 344 485 411 hac
505 344 721 411 observatione
739 344 933 430 dispensant,
958 355 995 414 ut
1014 347 1206 420 hebdomade
1226 375 1274 422 se-

103 432 205 496 cunda
221 432 345 496 credant
363 439 467 516 guttas
489 431 648 515 sanguinis
670 431 702 495 in
721 430 884 515 superficie
901 430 1028 498 folliculi
1051 435 1089 500 de
1112 459 1175 523 quo
1195 440 1273 506 dixi-

101 536 172 580 mus
191 536 350 600 apparere,
378 516 470 582 tertia
491 515 628 598 demergi
651 535 704 579 eas
723 515 892 579 introrsum
915 515 1076 600 adipsum
1099 525 1273 609 conceptio·

100 599 150 663 nis
170 599 346 678 humorem,
366 608 476 685 quarta
493 599 657 664 humorem
676 600 778 684 ipsum
800 599 971 683 coagulari,
991 611 1027 665 ut
1047 605 1192 686 quiddam
1210 610 1274 674 rel·

99 691 137 748 ut
157 683 238 749 inter
258 706 384 750 carnem
408 691 441 748 et
460 684 644 768 sanguinem
665 684 782 769 liquida
804 683 904 749 adhuc
927 683 1081 750 soliditate
1102 693 1273 772 conveniat,

98 767 207 915 quinta
228 791 303 836 vero
325 768 482 833 interdum
505 769 577 852 fingi
599 768 632 832 in
654 769 720 854 ipsa
749 768 920 834 substantia
943 769 1083 836 humoris
1106 771 1271 841 humanam

121 873 243 936 goram,
265 853 478 938 magnitudine
498 854 622 938 quidem
644 854 725 940 apis,
747 854 801 919 sed
820 861 857 919 ut
876 853 908 919 in
929 854 981 919 illa
1005 855 1155 922 brevitate
1177 879 1273 924 mern-

99 936 153 1002 bra
189 939 294 1004 omnia
325 946 359 1002 et
389 937 547 1022 designata
587 939 683 1003 totius
714 940 855 1036 eorporis
884 938 1065 1006 liniamenta
1095 942 1274 1010 consistant

98 1022 174 1086 Ideo
201 1031 306 1087 autem
335 1021 504 1087 adiecimus
528 1024 695 1098 ahtedun,
727 1043 800 1108 qma
827 1031 961 1103 constat,
992 1027 1137 1111 quotiens
1165 1024 1325 1114 quintabb

99 1105 295 1171 hebdomade
317 1106 444 1191 fingitur
471 1105 644 1191 designatio
665 1106 723 1171 ista
744 1106 970 1184 membrorum,
1005 1131 1111 1176 mense
1139 1114 1272 1198 septimo

96 1191 248 1256 maturari
267 1198 399 1274 partum
441 1190 521 1257 Cum
544 1198 648 1256 antem
674 1212 758 1256 nono
780 1211 887 1255 mensa
910 1191 1062 1260 absolutio
1085 1195 1188 1262 futura
1213 1208 1324 1279 estlear]

95 1275 253 1360 siquidem
271 1274 385 1340 femina
401 1275 577 1351 lubricatur,
598 1283 684 1342 serta
706 1275 899 1341 hebdomade
921 1276 1059 1342 membra
1076 1279 1137 1343 iam
1158 1281 1269 1348 dividi:

96 1360 126 1424 si
159 1361 312 1426 momulus
346 1361 485 1446 septima.
541 1361 617 1426 Post
646 1369 769 1446 partum
800 1381 875 1426 vero
900 1368 1006 1426 utrum
1048 1362 1201 1429 victurum
1230 1367 1271 1431 sit
1281 1372 1323 1437 (it

96 1444 339 1530 quodefiusum
360 1453 421 1522 est,
452 1467 492 1511 an
512 1447 545 1510 in
567 1453 658 1510 utero
680 1446 724 1510 sic
744 1453 977 1530 praemortuum
999 1454 1035 1511 ut
1058 1451 1272 1516 tantummodo

96 1530 220 1614 spirans
239 1539 395 1608 nascatur,
426 1531 556 1616 septima
576 1530 652 1596 hora
674 1530 829 1596 discernit.
871 1531 957 1596 Ultra
977 1529 1060 1596 hunc
1081 1534 1164 1598 enim
1183 1534 1273 1600 hora·

96 1635 169 1679 rum
196 1635 360 1682 numerum
390 1636 471 1700 quae
501 1623 699 1702 praemortua
726 1623 896 1680 nascuntur
927 1615 1007 1681 aeris
1033 1615 1163 1682 halitum
1193 1619 1282 1686 ferre'

96 1720 163 1764 non
185 1708 330 1785 possunt:
370 1722 463 1786 quern
485 1701 627 1786 quisquis
649 1701 730 1764 ultra
751 1708 868 1786 septem
890 1699 982 1765 horas
1004 1701 1199 1783 sustinuerit,
1227 1706 1275 1770 in·

98 1784 257 1869 tellegitur
274 1786 313 1850 ad
332 1786 426 1851 vitam
451 1793 586 1863 creatus,
606 1784 665 1849 nisi
688 1785 767 1850 alter
786 1785 879 1864 forte,
896 1785 996 1870 qualis
1016 1786 1185 1870 perfeetum
1205 1798 1273 1874 pot·

96 1876 157 1946 est,
175 1891 265 1935 msus
287 1869 407 1956 eripiat.
449 1872 526 1936 Item
549 1879 620 1955 post
646 1870 711 1935 dies
740 1879 857 1956 septem
885 1871 978 1936 iactat
1002 1871 1148 1958 reliquias
1172 1875 1272 1940 umbi·
1282 1878 1324 1946 68

98 1954 169 2032 lici,
205 1963 237 2020 et
256 1964 327 2040 post
347 1956 395 2020 bis
415 1964 533 2041 septem
560 1955 668 2041 incipit
686 1955 727 2021 ad
748 1955 853 2022 lumen
876 1956 960 2022 visus
982 1955 1050 2021 eius
1072 1960 1204 2038 moveri,
1240 1969 1274 2026 et

96 2041 308 2190 nette
328 2049 447 2192 “aar
462 2041 650 2192 -tbnrr
671 2042 910 2192 strunt
929 2043 1324 2200 terruerant

101 2209 254 2296 incipiunt
274 2148 654 2298 nidddibulivsleerhergerm
674 2219 708 2276 et
730 2219 800 2298 post
822 2149 1007 2295 disceptem
1030 2151 1273 2279 sedqqessinqnoes
1385 2292 1391 2303 Ι

96 2315 152 2360 sus
173 2296 299 2360 timore:
338 2305 410 2382 post
431 2306 479 2362 ter
496 2306 617 2383 septem
639 2317 735 2362 mnus
756 2297 825 2361 eius
848 2297 881 2358 in
903 2295 996 2360 verba
1018 2297 1209 2380 prorumpit,
1241 2305 1273 2363 et

97 2387 169 2465 post
188 2389 299 2466 quater
317 2391 436 2467 septem
457 2403 519 2446 non
542 2382 644 2446 solum
665 2388 726 2444 stat
748 2380 878 2443 firmiter
905 2378 959 2442 sed
986 2386 1019 2442 et
1042 2378 1171 2443 incedit:
1204 2389 1275 2463 post

96 2485 265 2562 qurnqures
288 2477 413 2562 septem·
431 2465 539 2549 incipit
554 2465 602 2528 lac
623 2463 752 2559 nutricis
774 2464 966 2535 horrescere,
980 2460 1044 2554 ‚nisi
1065 2461 1144 2524 forte
1161 2462 1200 2526 ad
1221 2484 1273 2547 pa·

92 2551 239 2615 trentiam
281 2550 430 2633 longioris
468 2568 543 2612 usus
584 2553 764 2611 contrnuata
805 2543 1028 2608 consuetudine
1068 2544 1274 2627 protrahatur.

96 2635 176 2699 Post
196 2653 296 2697 anuos
315 2640 436 2779 septem
462 2631 571 2694 dentes
600 2629 654 2713 qui
682 2627 774 2712 primi
800 2633 990 2691 emerserant
1014 2626 1081 2692 aliis
1104 2629 1274 2714 aptioribus
1285 2637 1326 2703 70
1362 2653 1364 2658 ·

95 2719 137 2782 ad
156 2718 262 2780 cibum
283 2717 340 2780 soli
365 2735 417 2778 um
436 2712 634 2780 nascentibus
653 2712 781 2788 cedunt,
800 2710 972 2797 eodemque
993 2732 1091 2792 anno,
1110 2714 1141 2779 id
1161 2723 1209 2782 est
1227 2739 1274 2784 se·

98 2801 209 2886 ptimo,
226 2799 317 2886 plene
336 2799 507 2866 absolvitur
527 2797 686 2883 integritas
707 2795 871 2884 loquendi:
894 2796 976 2864 unde
997 2806 1029 2864 et
1047 2808 1165 2888 septem
1186 2824 1274 2872 voea-

893 2968 978 3032 [Edd.
1001 2966 1207 3040 vicahgspdzb.

99 3052 401 3175 saeternae
420 3034 1174 3193 stotonae-{arunte-af‘

129 3159 136 3172 ⁶
302 3161 320 3186 ’r
372 3159 378 3171 ·
767 3161 772 3173 ·
1161 3154 1196 3163 ·“”

102 3191 211 3258 quidem
228 3191 419 3260 magnitudine
439 3190 511 3242 Bere.
533 3217 565 3232 -
588 3193 635 3243 aed
655 3191 809 3244 brevitas
830 3191 996 3244 humanos
1011 3193 1157 3260 sigorae
1175 3202 1206 3246 nt
1228 3198 1277 3248 itta

102 3259 231 3310 breuitate
250 3262 326 3327 (sup.
344 3258 408 3310 add.
428 3259 470 3322 in)
487 3258 538 3310 Rl.
556 3286 591 3297 -
610 3259 769 3311 liniamenta
786 3257 833 3310 BF
835 3257 960 3310 saer-n.
996 3260 1166 3312 lineamento
1182 3262 1279 3329 Rip-b

102 3325 229 3378 PGBan.
381 3329 423 3375 66.
462 3327 524 3377 ldeo
541 3333 610 3386 (om.
628 3329 730 3384 cutem]
749 3325 780 3375 F.
802 3353 830 3364 -
849 3326 970 3376 dicimus
986 3326 1035 3376 Rl.
1052 3353 1085 3364 -··
1101 3335 1174 3379 reate
1187 3331 1279 3392 sobri-

99 3401 178 3444 cetur
194 3393 357 3445 hebdomade
374 3391 406 3443 F.
424 3420 458 3430 —
475 3395 589 3444 membre
605 3393 659 3445 iam
678 3391 796 3442 BFRIG
813 3392 903 3455 „libri
918 3396 997 3454 vett,
1014 3397 1043 3444 et
1058 3400 1149 3442 recter
1168 3409 1231 3444 nam
1249 3395 1279 3446 id

100 3461 238 3512 maiorem
261 3459 397 3525 temporis
417 3459 628 3511 festinationem
650 3464 745 3518 notat,
776 3464 806 3509 ut
828 3474 889 3522 cap.
911 3461 944 3507 13
966 3458 992 3522 [ᾗ
1013 3459 1081 3524 2.].“
1104 3460 1189 3510 Gron.
1224 3463 1280 3514 iarn

100 3529 218 3581 membre
231 3528 374 3596 r-gbBen.
409 3528 524 3579 membre
539 3528 608 3593 (om.
619 3527 689 3587 ianr)
705 3525 849 3576 Sffll’vn.
863 3551 897 3562 -
911 3527 1023 3591 septime
1039 3525 1121 3577 hore
1136 3527 1170 3578 di
1175 3545 1280 3582 ecern.

102 3594 177 3647 Ber.
329 3601 374 3645 ot.
408 3596 446 3647 cic
459 3603 657 3662 praemortuum
675 3591 754 3643 BFS.
787 3599 984 3660 praemortuam
1001 3593 1038 3643 sic
1059 3593 1109 3644 lta.
1145 3597 1183 3647 sic
1196 3614 1279 3665 prue-

99 3670 214 3715 nrortno
234 3662 285 3713 Rl.
318 3664 365 3714 cit
416 3669 580 3714 censorinum
596 3659 789 3712 sadecenu.
807 3687 838 3698 ··-
862 3660 935 3712 ultre
953 3660 1021 3712 eninr
1038 3661 1106 3715 hune
1123 3659 1155 3714 F.
1173 3691 1207 3702 -
1228 3684 1280 3718 nn.

101 3747 204 3782 meran
223 3730 347 3782 horarum
367 3679 415 3781 hin
432 3730 558 3782 bcrcwm
576 3729 694 3797 apetium
710 3729 754 3780 cel
772 3745 909 3780 numerum
929 3726 1001 3780 Bru.
1022 3756 1057 3769 -
1080 3732 1150 3783 oeric
1168 3734 1281 3786 ebitum

102 3797 156 3848 Rl.
178 3825 213 3836 -
237 3800 353 3865 quisque
376 3813 402 3846 r·
555 3801 598 3847 68.
633 3797 691 3848 eiua
712 3797 786 3848 cirus
810 3796 861 3848 Re.
889 3823 916 3836 -
942 3796 1021 3848 libere
1039 3801 1280 3866 quadraginta

101 3865 179 3916 dies
197 3866 268 3931 (del.
286 3863 485 3933 qnadraginta)
504 3862 554 3914 Rl.
572 3891 606 3901 -
620 3864 756 3932 pupillae
774 3864 825 3915 Rl.
849 3891 876 3902 -
896 3866 1040 3918 convertit
1057 3867 1161 3932 clrg(g
1177 3867 1204 3917 in
1222 3883 1278 3934 mg.

103 3935 210 3995 vertit).
365 3936 408 3982 ⁶9.
443 3939 538 3998 quater
560 3931 636 3996 (cup.
655 3933 720 3983 add.
746 3933 814 3994 Vll)
841 3932 923 3984 duce
945 3949 1050 3984 annor
1073 3941 1098 3984 et
1116 3941 1179 3984 trec
1195 3950 1278 3984 men-

103 4014 157 4052 aea
172 4017 226 4052 non
243 4000 328 4052 colum
346 3999 398 4049 ΕΙ.
416 4025 450 4038 -
472 3998 519 4049 aed
536 3998 635 4052 incedit
651 3999 722 4062 (orn.
742 3999 782 4065 et)
803 3997 953 4052 bTeBsrs.
973 4028 1006 4038 —
1028 4000 1166 4066 quinquies
1183 4008 1281 4066 septem

104 4067 132 4120 .i.
151 4068 256 4122 tertio
272 4067 415 4120 dimidio
430 4083 519 4119 enno
537 4066 589 4118 Bl.
610 4092 644 4106 ·-
665 4067 787 4120 horrere
806 4067 839 4120 F.
992 4071 1036 4118 ⁷0.
1070 4067 1134 4118 cliii
1150 4068 1280 4120 velidi-

105 4218 179 4270 crati
202 4217 304 4271 tribuit
324 4215 466 4270 Feroniae
483 4215 622 4285 Eulogius
642 4235 668 4284 p.
718 4223 794 4285 ptum
812 4217 921 4285 septimo
938 4215 982 4268 die
994 4217 1023 4267 in
1038 4217 1198 4284 sanguinent
1213 4237 1282 4272 com-

106 4290 169 4338 406.
188 4285 236 4338 or.
257 4287 433 4354 Hippocrates
455 4287 536 4348 Coae,
556 4293 672 4338 naturae
721 4285 831 4348 mutari,
850 4285 959 4350 septimo
973 4299 1060 4334 mense
1075 4287 1168 4352 perfici
1187 4291 1238 4338 etc.

106 4363 241 4407 amutetm·
257 4355 393 4423 egregius,
406 4354 474 4406 hunc
489 4369 627 4404 numerum
642 4353 671 4403 in
755 4354 796 4402 66,
836 4353 900 4402 Cum
970 4353 1069 4415 saturn
1081 4359 1129 4417 est,
1146 4391 1187 4405 ...
1202 4372 1283 4407 mern-

107 4422 185 4474 librir
202 4438 270 4488 quos
288 4418 351 4487 napi
367 4414 528 4489 ἑβδομάδων
541 4422 671 4490 appellnt,
721 4419 775 4470 bre·
787 4419 842 4470 ianr
861 4417 957 4498 diuidi]
977 4418 1159 4487 indicativus,
1173 4425 1206 4474 ut
1222 4440 1284 4475 sae-

107 4491 150 4541 cit
162 4489 289 4541 creandis
300 4490 385 4540 inem
400 4486 566 4555 temporibui.
600 4489 672 4540 Nun
721 4485 801 4555 pins,
834 4485 863 4538 fn
885 4493 1012 4541 oratione
1033 4488 1149 4558 obliqua
1171 4491 1284 4560 ponitur

107 4574 197 4614 remen
215 4559 310 4624 susan
330 4564 355 4611 ct
371 4557 469 4622 sonia
487 4556 582 4611 matria
597 4573 671 4611 cccc·
721 4571 774 4624 pro
791 4554 979 4611 coniunctim.
