2950 4992
228 136 293 203 220
613 129 783 199 INCERTI
809 128 1018 199 suetonis

228 307 312 359 bitum
321 302 487 371 firmamenti
503 301 533 355 in
554 301 679 355 CCCLX
692 302 798 371 gradem
811 317 858 368 pcr
876 302 1015 355 circuitum
1033 301 1172 365 diuiditur,
1190 309 1279 371 elpes
1296 308 1399 354 utrum-

229 406 280 458 qus
295 386 440 441 mediclinii
451 389 576 451 toramen
589 387 652 454 polo
668 387 784 455 inspecto
799 386 926 455 padum,
944 388 972 439 in
991 404 1042 454 quo
1058 386 1237 438 mediclinium
1255 388 1338 451 stetit,
1356 386 1398 437 di-

195 480 213 526 9
229 474 326 543 ligeriti
349 472 522 523 adnotatione
542 472 672 541 signauit.
714 473 752 523 lit
766 473 901 539 proscctus
918 470 980 523 inde
995 478 1068 525 recta
1084 471 1156 523 linea
1173 487 1191 521 a
1209 470 1321 522 meridie
1337 487 1398 521 con·

228 567 272 612 tra
288 556 488 625 septentrionem
503 572 595 609 rursus
608 555 774 623 subsequenti
789 562 864 607 nocte
878 555 969 622 polum
985 571 1034 622 per
1051 564 1189 621 utrumque
1201 556 1328 619 foramen
1344 572 1398 605 mc-

228 642 332 695 diclinii
350 639 555 708 contemplatus,
572 647 598 691 ct
614 640 695 693 tertia
708 639 845 700 similiter,
861 638 969 692 tandem
986 656 1039 690 uno
1056 639 1147 707 gradu
1165 637 1344 689 mediclinium
1364 639 1399 689 ad

227 727 364 795 superiora
385 732 533 793 promotum
553 724 663 775 inuenit.
700 724 772 775 lunc
794 723 910 776 dictante
933 723 1038 775 ratione
1059 723 1138 775 buius
1159 723 1260 773 itineris
1282 722 1400 789 epatium

229 810 374 880 diligenter
393 826 526 873 emensus,
551 808 652 859 incenit
673 807 750 859 DCC
765 807 868 869 stadia,
893 807 949 857 siue
966 807 1085 858 miliaria
1103 807 1239 875 octoginta
1259 814 1358 873 septem
1375 814 1400 859 et

179 891 213 939 1⁰
229 895 306 948 mmis
326 910 421 955 unum,
453 892 502 945 lsoc
523 900 563 945 est
584 891 732 943 dimidium.
788 890 849 943 Post
871 889 935 943 bace
960 891 1032 943 datis
1056 891 1196 958 unicuique
1221 891 1254 943 de
1277 892 1400 942 trecentis

226 979 372 1047 sexaginta
387 977 467 1029 totius
484 976 576 1029 circuli
593 976 725 1044 gradibus
741 974 863 1037 totidem,
890 974 1012 1026 inuentus
1030 983 1069 1027 est
1085 976 1165 1027 tatius
1181 982 1267 1027 terrae
1284 975 1401 1025 ambitus

226 1065 341 1117 ducenta
364 1060 562 1129 quinquaginta
584 1060 637 1111 duo
658 1060 750 1112 stadia
771 1059 826 1113 sius
849 1058 943 1111 XXXI
961 1065 985 1110 et
1008 1059 1153 1128 quingenta
1176 1059 1294 1111 miliaria
1312 1060 1399 1111 conti-

226 1161 297 1199 nsre.
343 1147 430 1211 Atque
458 1144 499 1197 ita
525 1144 657 1211 probabili
684 1144 787 1196 ratione
816 1142 957 1204 conclusit,
993 1145 1063 1209 quorl
1087 1152 1180 1211 partes
1207 1144 1262 1196 siue
1292 1145 1399 1211 gradus

231 1230 362 1294 CCCLX,
382 1229 475 1297 quibus
491 1228 575 1281 ambis
592 1228 697 1281 zodiaci
714 1227 807 1279 circuli
824 1234 924 1279 tructus
940 1244 972 1279 ac
988 1228 1108 1280 eoelestis
1126 1228 1254 1295 spbaerae
1272 1228 1400 1279 circuitus

227 1314 371 1379 diuiditur,
399 1313 436 1365 ad
450 1321 536 1366 terras
552 1328 635 1380 usquc
649 1310 821 1378 proueniunt,
851 1318 881 1363 ut
897 1327 962 1379 pars
979 1328 1097 1379 quaeque
1116 1312 1293 1381 incompertae
1310 1322 1336 1367 ct
1354 1314 1397 1365 iu-

226 1397 399 1453 ocstimobils's
416 1412 554 1449 mensurae
569 1397 599 1447 in
615 1404 688 1447 tcrra
702 1396 750 1446 sub
765 1403 863 1447 certam
878 1412 1027 1448 mensuram
1042 1396 1131 1447 cadat.

178 1484 208 1533 11
298 1484 396 1535 Terras
412 1481 512 1533 ambitu
532 1486 663 1547 comperto
682 1480 857 1546 quantitatem
878 1480 1002 1532 diametri
1019 1480 1190 1546 inquiramus.
1231 1481 1314 1533 Omne
1334 1486 1398 1538 dia-

225 1575 337 1621 mstrum
354 1566 517 1634 triplicatum
534 1572 560 1617 ct
576 1564 673 1615 addita
688 1565 800 1631 septima
813 1570 892 1632 parte
909 1564 1033 1615 circulum
1045 1564 1127 1630 jacit.
1163 1564 1253 1634 igitur
1275 1568 1309 1618 dc
1326 1573 1399 1621 omni
1460 1570 1461 1577 ’

227 1653 325 1705 circulo
345 1650 439 1703 ablata
459 1650 586 1701 uicesima
608 1648 724 1701 secunda
743 1655 822 1715 parte
844 1655 868 1699 et
891 1648 946 1699 eius
965 1648 1035 1715 quod
1051 1656 1169 1700 remanet
1190 1658 1298 1717 sumpta
1316 1656 1397 1705 tertia

177 1742 210 1789 12
226 1737 363 1805 quantitas
381 1735 505 1787 diametri
521 1740 569 1785 cst.
621 1732 666 1783 Sic
684 1748 750 1799 ergo
770 1732 938 1785 deducentis
956 1732 1153 1800 quinquaginta
1170 1732 1272 1785 duobus
1288 1737 1398 1789 milibus

224 1822 321 1873 stadiis
336 1818 461 1869 uicesima
477 1816 593 1868 secunda
609 1818 759 1879 auferatur,
779 1831 847 1881 quac
864 1824 966 1869 canstat
983 1816 1011 1867 in
1032 1816 1227 1869 X1.ccccmrrr
1245 1820 1334 1883 semis,
1353 1824 1395 1873 vi-

224 1905 321 1957 cesima
337 1902 453 1952 secunda
468 1902 560 1962 unius,
578 1907 714 1952 remanent
735 1900 931 1951 CCXL.u1tr
952 1908 977 1953 et
994 1900 1080 1951 decem
1097 1902 1236 1953 vicesimae
1254 1906 1395 1957 secundae.

229 1988 310 2039 Cuius
326 2000 444 2036 summae
458 1998 523 2051 pars
537 1984 619 2035 tertia
636 1991 741 2051 sumpta
756 1984 825 2045 facit
842 1984 998 2036 dimetrum
1015 1992 1101 2037 terrae
1119 1985 1146 2035 in
1165 1987 1303 2054 octoginta
1321 1992 1395 2041 mili-

225 2074 274 2123 bus
295 2068 390 2121 stadiis
415 2066 558 2119 CLXXXI
577 2074 603 2117 et
629 2068 707 2117 semis
728 2068 809 2119 unius
834 2068 917 2120 stadii
938 2075 964 2120 et
985 2076 1082 2137 septem
1104 2070 1243 2121 vicesimae
1262 2076 1397 2127 secundae

224 2155 304 2209 unius
320 2151 418 2215 stadii,
448 2150 569 2217 quamuis
588 2150 740 2202 Macrobius
759 2151 828 2203 idem
846 2153 1003 2205 diametrum
1022 2152 1126 2205 LXXX
1141 2154 1246 2217 studia,
1277 2158 1320 2207 uel
1341 2176 1395 2211 non

221 2309 263 2376 pit
279 2307 317 2359 ire
333 2312 406 2357 recta
422 2304 492 2355 linea
515 2319 602 2355 sersus
622 2304 781 2355 catarticum
831 2305 973 2373 tropicum,
996 2312 1102 2357 manent
1119 2306 1190 2357 accei
1213 2308 1317 2359 suntin
1341 2312 1394 2363 illa

222 2377 311 2441 palum
336 2380 362 2425 et
381 2372 511 2441 principio
539 2373 668 2437 sequentis
697 2372 782 2423 noctis
832 2374 889 2434 die,
920 2372 974 2425 sale
999 2381 1070 2424 recta
1092 2374 1162 2424 linea
1185 2392 1259 2443 super
1277 2393 1320 2425 cos
1339 2396 1392 2429 cx—

223 2443 306 2496 ererit
325 2442 518 2508 astrolapsum,
550 2447 574 2491 et
590 2456 638 2507 per
660 2440 780 2491 medicli·
831 2441 923 2491 isteute
938 2441 966 2491 in
984 2442 1107 2493 meridie:
1126 2450 1188 2493 tunc
1205 2443 1247 2510 qui
1261 2449 1390 2497 sunteub

222 2513 297 2564 nium
326 2518 422 2561 notata
447 2508 526 2559 stella
552 2508 667 2576 oportuit
694 2509 781 2574 ipsum
831 2510 943 2575 tropico,
973 2509 1019 2575 qui
1040 2510 1067 2559 in
1089 2512 1253 2578 praecedenti
1273 2511 1315 2561 die
1334 2516 1388 2577 fu-

222 2580 403 2632 mediclinium
427 2577 471 2628 ecl
498 2576 601 2627 eleuare
621 2575 664 2627 uel
689 2577 781 2643 depri·
832 2584 907 2629 crunt
929 2578 1000 2629 acaci
1024 2578 1115 2642 modo,
1143 2578 1239 2631 babent
1259 2580 1392 2649 umbram,

222 2663 304 2709 mere,
331 2654 356 2699 et
373 2652 436 2699 tunc
456 2650 553 2697 notata
569 2645 647 2696 stella
663 2660 711 2710 per
724 2660 782 2695 mc·
829 2646 849 2697 i.
866 2660 889 2695 e·
908 2645 1026 2711 sequenti
1049 2646 1092 2696 die
1116 2647 1218 2699 vadunt
1239 2648 1313 2699 ultra
1332 2657 1392 2703 tro-

223 2714 360 2766 diclinium
393 2720 418 2763 ct
445 2714 523 2776 sacta
551 2712 588 2763 ibi
619 2718 718 2779 puncto
752 2712 782 2762 in
829 2713 918 2780 picum
935 2720 960 2764 el
976 2712 1060 2764 locum
1082 2722 1212 2767 carentem
1235 2716 1329 2767 umbra
1347 2720 1392 2770 in-

222 2782 371 2849 astrolapso
396 2786 576 2830 mensuratum
602 2786 641 2831 est
664 2779 780 2846 spatium
827 2784 876 2847 fra
894 2779 1035 2847 tropicum:
1051 2788 1149 2849 etpost
1166 2791 1320 2850 computant
1335 2788 1393 2839 dies

221 2850 290 2901 inter
320 2849 373 2899 duo
399 2854 514 2913 puncta,
542 2854 568 2899 et
588 2854 707 2899 natatum
731 2856 781 2911 est,
831 2851 896 2901 anni
913 2850 1062 2909 staturaies,
1094 2850 1122 2900 in
1140 2852 1234 2917 quibus
1251 2853 1290 2903 sol
1307 2860 1394 2906 totum

221 2923 303 2983 quota
330 2932 395 2983 pars
422 2922 488 2965 esset
515 2916 597 2966 totius
624 2916 778 2981 astrolapsi.
823 2920 1021 2983 firmamentum
1037 2918 1137 2981 circuit,
1158 2927 1183 2970 ct
1200 2926 1305 2971 tantum
1325 2940 1392 2990 spa-

224 2986 312 3049 Quota
334 3000 400 3051 pars
420 2982 489 3033 illud
511 2990 568 3033 crat
589 2983 670 3033 totius
691 2992 779 3034 astro·
829 2987 894 3036 tium
916 2993 1001 3037 terrac
1024 2986 1171 3037 attribuunt
1192 2986 1311 3057 singulis
1333 2993 1393 3041 die·

220 3052 306 3119 lapsi,
336 3058 415 3103 tanta
433 3048 518 3109 (sim)
533 3065 599 3115 pars
621 3055 678 3099 erat
699 3051 780 3101 totius
830 3054 891 3114 bus,
924 3059 949 3104 et
966 3054 1005 3103 ita
1021 3054 1101 3114 totius
1122 3054 1217 3106 babent
1239 3072 1394 3109 mensuram
1460 3064 1461 3111 ξ

220 3127 307 3171 terrae
326 3118 395 3169 illud
413 3117 532 3183 spacium
552 3116 623 3183 quod
638 3124 696 3168 erat
711 3118 780 3169 inter
828 3121 1031 3187 multiplicando
1053 3121 1143 3173 stadia
1166 3138 1213 3188 per
1238 3125 1397 3177 CCCLXV
1460 3128 1461 3137 ³

220 3188 306 3239 locum
327 3186 373 3237 ubi
399 3184 428 3236 in
447 3184 535 3252 prima
562 3192 638 3235 nacte
660 3194 780 3239 crsrcrat
830 3187 894 3239 dics.
936 3190 993 3241 ltu
1024 3197 1112 3241 autem
1138 3192 1256 3241 stadium
1287 3193 1397 3244 CXXV

219 3254 399 3321 astrolapsum
428 3240 453 3305 it
480 3253 549 3303 inter
574 3254 649 3303 illum
679 3255 725 3305 ubi
751 3255 779 3305 in
827 3272 931 3323 passus.
1091 3262 1094 3268 '

218 3323 334 3377 secunda
351 3321 482 3374 meseratc
510 3328 534 3373 et
551 3329 704 3373 mensurata
727 3322 778 3373 illa
862 3324 977 3393 gradus]
1002 3323 1075 3387 „Mn
1092 3324 1270 3393 gradibus.“
1296 3327 1393 3379 Giton.

217 3399 296 3461 parte
310 3406 359 3459 per
380 3391 484 3451 stadia,
511 3404 559 3456 per
575 3390 651 3440 illam
673 3399 777 3457 partem
863 3412 905 3459 10.
939 3408 1038 3475 stadia]
1068 3408 1155 3459 lmnro
1181 3410 1257 3461 milia
1282 3415 1393 3464 stadio-

217 3462 311 3540 sqllum
328 3466 375 3539 eti,
390 3468 451 3527 quot
468 3458 560 3509 11111111
575 3464 659 3537 11111111
673 3460 776 3538 11111111·
826 3494 894 3536 rum,
911 3480 938 3527 et
951 3476 1025 3531 infru
1036 3478 1111 3528 milia
1124 3478 1308 3530 miliariorum.
1348 3482 1393 3534 Cf.

218 3528 276 3577 bitu
302 3533 383 3576 totsus
409 3535 496 3578 terrae
520 3526 603 3577 ocules
630 3524 668 3575 ad
700 3527 777 3576 ellam
828 3544 855 3610 §5
874 3548 890 3594 5
910 3551 936 3595 eq
957 3546 996 3594 ῃ,

217 3600 321 3660 partem
337 3595 542 3644 mensurandam
555 3592 725 3644 iuuantibus.

252 3658 330 3709 noco
347 3658 425 3709 uirus
444 3661 573 3711 sunctum
593 3661 629 3711 us
650 3677 674 3711 c.
690 3660 776 3726 ecus
862 3636 891 3680 11
918 3646 982 3697 1111
1011 3628 1137 3697 1111111]
1172 3628 1241 3680 1111·
1269 3638 1299 3683 11
1322 3649 1394 3699 pun

217 3730 261 3846 i?
277 3726 461 3793 adscriptum,
478 3729 550 3792 quod
568 3727 655 3780 etim
673 3730 708 3779 ad
727 3728 777 3809 ΙΨ
828 3712 913 3815 quetis&
930 3770 1027 3815 certam
1052 3762 1211 3831 mensurum]
1242 3764 1312 3816 Edu.
1342 3769 1392 3819 sub

252 3834 259 3858 ‚
285 3811 347 3861 cap·
372 3798 404 3857 l,
432 3794 445 3859 ᾗ
473 3799 505 3844 15
544 3802 636 3861 potest
662 3796 777 3847 reterri:

219 3864 301 3916 Ratio
322 3864 372 3913 illa
394 3864 585 3932 Aegyptiorum
611 3865 709 3915 pum,
733 3866 776 3915 m·-
827 3840 902 3885 certa
925 3848 1069 3928 mensura..
1278 3916 1284 3929 .

216 3949 275 3983 sum
292 3932 356 3984 talis
373 3938 421 3983 est.
455 3930 562 3982 Habent
579 3933 649 3983 enim
664 3933 774 3999 Aegyp.
861 3922 902 3969 11.
942 3918 1023 3968 Omne
1040 3916 1198 3967 diametrum
1217 3951 1242 3966 ..
1259 3918 1393 3969 circulum

216 4000 249 4051 tii
263 4001 316 4066 ipsi
333 4000 464 4067 quasdam
485 3999 605 4050 ciuitates
628 4000 675 4050 sub
693 4000 776 4052 uesti—
821 3984 902 4052 Ῐ11111]
922 3984 963 4035 Cf·
982 3982 1086 4035 cflmffl·
1105 3983 1186 4064 ,1ιῖοι
1203 3986 1244 4063 16·
1263 4013 1297 4021 -
1312 3984 1340 4036 N
1342 3994 1392 4038 1111

215 4069 273 4118 oali
289 4069 398 4135 tropico,
413 4066 482 4118 sicut
495 4067 601 4118 Meroen
618 4076 644 4120 et
664 4067 776 4133 Syenen.
825 4060 954 4134 1191111111
985 4068 1075 4119 6111111
1104 4068 1132 4101 ¹¹¹
1162 4051 1278 4102 V⁰⁰¹bu¹
1308 4071 1394 4107 11111111

221 4136 273 4186 uec
294 4137 323 4187 m
344 4136 456 4191 solsticio
479 4135 604 4188 usurum·
626 4152 719 4187 auen·
743 4137 775 4195 (s.
825 4122 1000 4174 diametrum·
1036 4118 1078 4171 Cf·
1098 4118 1111 4184 i
1131 4119 1315 4183 1111118.

216 4220 239 4254 c·
256 4194 362 4263 ἄσιιος)
384 4210 423 4256 est
445 4203 518 4253 locus
539 4203 587 4255 illc
604 4205 674 4255 cirea
693 4204 774 4254 meri·
860 4209 900 4257 lu.
937 4204 980 4255 XI
1001 4237 1027 4253 ..
1052 4200 1177 4269 secunda]
1208 4202 1228 4253 i.
1250 4220 1274 4254 e.
1302 4208 1394 4257 11454

216 4270 296 4332 diem,
313 4274 332 4319 i.
350 4287 373 4321 e.
389 4288 443 4321 non
459 4271 524 4324 iacit
537 4272 657 4324 umbram
674 4272 701 4322 in
718 4272 773 4323 ali·
824 4270 856 4339 4-
877 4276 891 4339 q
908 4269 940 4339 -Ι-
958 4275 990 4338 ,1,
1008 4278 1056 4331 (---
1072 4273 1129 4337 li).

216 4346 295 4400 qu'am
314 4345 425 4402 portem.
462 4339 495 4390 ln
515 4341 633 4405 sequenti
651 4356 711 4389 uero
729 4340 773 4389 die
862 4340 959 4392 CCXL
972 4374 979 4389 .
992 4380 996 4389 .
1008 4337 1149 4405 secundae]
1165 4337 1182 4389 ἱ.
1197 4353 1219 4387 e.
1235 4338 1393 4407 24054543.

215 4402 257 4449 sol
273 4401 366 4468 incipit
383 4405 547 4470 descendere,
565 4415 590 4458 et
607 4407 684 4458 lsabet
701 4407 773 4457 locus
857 4407 993 4541 actcjinta
1011 4443 1036 4458 ..
1054 4404 1192 4471 secundae]
1214 4403 1232 4455 i.
1251 4422 1277 4456 e.
1297 4410 1393 4461 80181

215 4464 262 4512 ills
281 4470 478 4541 tunc-umbram
493 4474 773 4536 quantulamcumque:
823 4473 890 4539 Η
959 4474 990 4539 ξ,
1009 4476 1131 4540 (511).

216 4532 277 4627 tunc
293 4531 336 4580 slli
350 4535 396 4598 qui
412 4535 486 4587 ultra
501 4537 578 4589 illum
595 4540 729 4601 locum,..i·
749 4556 772 4592 c.
857 4540 1018 4607 Macrobius]
1038 4539 1143 4594 Comen.
1161 4542 1185 4607 l,
1200 4542 1245 4605 20,
1259 4543 1304 4594 20.
