2950 4992
78 162 141 229 DE
158 158 266 226 DlFF.
283 158 338 224 ET
356 156 445 225 SOC.
465 156 622 227 GRAECI
639 157 770 240 LATQ.
789 161 925 228 VERBL
959 162 1150 231 xlx-xxa
1190 104 1256 232 269

78 340 148 411 est,
188 326 311 413 συνέβη
334 350 374 411 με
402 324 598 412 ἐληλυθέναι
631 328 827 417 inpersonale
859 339 915 397 est
957 335 1090 400 Paenitet
1115 358 1162 401 ane
1195 334 1254 401 hoc

78 426 131 484 est
157 416 239 503 quod
268 414 351 500 apud
378 414 447 479 illos
476 410 642 497 μεταμέλει
662 438 727 497 μοι.
771 417 981 503 Inpersonalia
1009 422 1091 525 apud
1119 421 1283 492 dranosa

78 525 140 591 per
162 512 301 587 tempora
325 522 387 564 non
409 500 591 565 llectuntur:
633 522 703 565 nam
725 501 962 585 impersonaliter
981 526 1125 588 τριχιται
1143 526 1304 599 neae-[sao]

77 592 228 653 πατεῖται
249 606 340 652 nemo
362 585 444 651 dicit.
486 586 613 652 Nullum
635 586 830 671 inpersonale
852 588 883 651 iu
903 589 1030 673 pluralis
1052 594 1173 656 numeri
1193 594 1254 658 lor·

79 696 132 739 ma
154 673 325 739 invenitur:
365 693 436 736 nam
457 672 528 737 dene
549 672 656 757 leqitnr
684 672 878 757 inpersonale
898 682 960 751 est,
994 676 1071 739 libri
1088 680 1254 751 autemle·

76 772 195 847 quatur
219 756 352 823 elocutio
370 765 422 822 est
442 757 577 825 Graecae
598 758 705 823 similis
726 758 763 822 al
780 759 890 841 βίβλοι
910 754 1201 842 ἄναγινώακονται.

285 842 372 906 ΧΧΙ.
413 842 589 907 Deformis
618 844 667 909 vel
694 844 856 929 speciebus
877 846 1052 911 verborum.

167 929 223 995 His
245 927 476 1011 subiunguntur
502 950 581 1013 quae
604 930 770 995 verborum
799 929 916 996 lormae
938 931 987 996 rel
1017 930 1133 1016 species
1155 931 1280 1003 nomi-l

79 1023 212 1091 nentur,
249 1012 426 1079 meditativa
448 1013 621 1079 inchoativa
643 1014 867 1100 frequentativa
888 1024 920 1081 et
940 1017 1133 1104 usurpativa:
1174 1038 1255 1103 quae

79 1112 157 1167 sunt
187 1098 250 1163 lere
284 1100 426 1184 propriae
461 1099 649 1177 Latinitatis,
693 1100 767 1166 lieet
799 1101 977 1169 meditativa
1011 1104 1106 1169 etiam
1143 1102 1253 1169 Graeci

79 1186 197 1251 habere
215 1191 372 1271 putantur.
605 1260 608 1265 Ι

539 1272 588 1335 De
612 1270 799 1337 meditativa.
1262 1282 1284 1347 2

168 1356 226 1420 Est
243 1364 346 1421 autam
368 1354 545 1421 meditativa
568 1377 647 1442 quae
669 1357 821 1441 significat
845 1356 1075 1423 meditationem
1101 1357 1148 1423 rei
1166 1359 1255 1425 cuius

6 1472 7 1525 l
81 1441 227 1509 imminet
249 1450 280 1507 et
300 1449 441 1527 speratur
461 1442 604 1519 effectus,
626 1450 662 1507 ut
682 1444 839 1529 parturio,
860 1444 943 1528 quod
966 1452 1014 1508 est
1029 1465 1144 1529 parere
1161 1446 1256 1509 medi-

80 1539 139 1605 tor,
160 1530 269 1605 escaio,
290 1550 350 1592 ease
367 1529 509 1594 meditor:
530 1535 562 1593 et
579 1534 653 1593 sunt
673 1549 796 1614 semper
815 1529 924 1593 tertiae
941 1528 1166 1613 coniugationis
1186 1552 1255 1614 pro·

6 1662 7 1669 a
82 1614 203 1679 ductae.
246 1613 327 1678 Huic
349 1614 458 1679 similis
479 1613 511 1677 in
534 1612 660 1678 Graecis
682 1634 809 1700 quoque
830 1614 931 1680 verbis
953 1615 1110 1683 invenitur
1128 1616 1284 1699 speciosi

80 1700 232 1763 θανατιῶ
259 1698 417 1781 decanatui
445 1700 580 1782 βινητιῶ
607 1695 750 1783 odoacari
777 1697 910 1785 ἐρωτιῶ.
959 1700 1017 1765 His
1042 1700 1125 1765 enim
1153 1702 1255 1767 verbis

81 1792 343 1869 temptamentum
365 1785 520 1869 quoddam
543 1784 587 1849 rei
608 1792 639 1849 et
662 1785 837 1863 meditatio,
866 1807 929 1850 non
950 1786 1017 1869 ipsa
1038 1786 1181 1865 effectus,
1202 1809 1256 1853 aa·

81 1870 237 1955 primitur.
279 1870 336 1934 llis
362 1871 473 1936 similia
500 1870 643 1938 videntur
664 1870 776 1957 ῥαγείω
796 1866 915 1937 ὀκνείω
934 1872 1100 1955 rannone
1119 1877 1255 1957 πολεμη-

83 1955 162 2019 σείω
186 1956 343 2041 βρωσείω.

998 2080 1084 2143 [Edd.
1103 2081 1189 2149 pdala.

81 2166 107 2213 a.
142 2178 365 2231 perperaaaae
382 2180 436 2215 nan
447 2164 593 2230 flectantur
618 2162 690 2215 noni.
711 2166 797 2217 Zeun.
823 2194 857 2204 -
883 2159 1025 2231 τρέχεται
1047 2168 1258 2231 περιπατεῖται

82 2231 185 2297 scripsi
204 2249 220 2283 e
238 2231 309 2283 coni.
344 2228 461 2299 τρέχειν
480 2236 652 2298 περιπατεῖν
668 2232 772 2285 ΕιΙιΙ.Ρ.
794 2260 828 2273 -
855 2234 919 2284 liene
935 2234 1036 2300 legitor
1053 2234 1137 2283 liter
1154 2233 1256 2285 Edd.P.

83 2301 147 2351 liert
164 2307 250 2351 aatem
269 2302 348 2351 tene
365 2304 490 2367 teguntur
508 2301 608 2351 EddP.
645 2302 706 2351 Vid.
726 2310 783 2353 not.

154 2368 233 2429 XXI,
259 2370 284 2417 3.
319 2362 419 2434 δαέω,
441 2368 604 2434 ancarana
628 2369 757 2427 (doceri
779 2366 869 2433 capio,
891 2367 1039 2418 vendemiae
1057 2366 1116 2417 indi
1139 2370 1182 2426 ιτ)
1205 2382 1256 2433 pro

82 2434 215 2500 δαιμονιιῖ
239 2434 309 2487 coni.
334 2434 420 2485 Zcun.
443 2462 477 2472 —
499 2433 621 2501 βινητιῶ
644 2436 726 2493 (inire
746 2438 838 2501 cupio)
858 2434 961 2499 scripsi
980 2451 995 2483 e
1013 2433 1086 2483 coni.
1104 2382 1257 2500 (incapaci,

82 2502 131 2566 qui
150 2504 235 2553 etiam
248 2503 400 2619 anapaesta
417 2500 535 2567 ιιννητιῶ
553 2503 699 2562 (catallis).
733 2500 843 2567 κινητιῶ
866 2502 969 2553 Euda!
988 2527 1024 2541 -·
1042 2500 1207 2552 ΕΡΟΤΙΩ
1224 2502 1257 2553 Ρ.

119 2703 145 2753 3.
182 2701 365 2767 inpereonalia
382 2702 455 2767 apud
471 2702 585 2753 Graecas
599 2717 648 2770 per
697 2699 808 2769 doram]
831 2700 874 2752 cl.
893 2700 928 2751 do
951 2702 1029 2753 vern.
1053 2719 1077 2754 e.
1095 2705 1121 2753 8.
1147 2706 1176 2754 et
1194 2703 1258 2755 Pri-

84 2778 202 2837 tempora
227 2786 278 2819 non
307 2770 446 2819 dectuntur
474 2769 538 2836 ete]
566 2770 647 2835 Quod
687 2769 785 2822 'eciam
806 2768 856 2821 lta.
874 2770 949 2831 l'lll‚
965 2786 1026 2836 cap.
1044 2771 1079 2822 de
1091 2787 1167 2837 spec.
1178 2774 1256 2824 verb.

84 2838 146 2903 legi
167 2837 229 2887 vult
248 2836 379 2899 Zeuuiue,
397 2853 445 2903 per
461 2838 647 2905 personaa‚”id
734 2842 757 2887 l.
791 2838 852 2890 licet
874 2873 899 2889 ..
917 2839 1057 2906 putantur]
1082 2838 1125 2889 (ll.
1149 2838 1207 2891 Sat
1232 2841 1256 2905 1,
1344 2882 1349 2891 .

86 2904 155 2957 ferri
171 2920 224 2955 non
244 2912 348 2971 potest,
367 2920 429 2955 curn
449 2922 483 2955 ue
501 2907 573 2973 apud
594 2904 649 2958 La·
696 2908 722 2969 4,
732 2908 775 2957 42.
802 2904 932 2958 Ceterum
945 2907 1042 2957 malim
1053 2908 1257 2960 meditativam.

85 2974 161 3025 tiuoe
181 2972 292 3039 quidem
315 2971 515 3045 impersonalia
533 2972 647 3025 flectan-
729 2977 754 3023 2.
792 2974 832 3025 De
853 2974 1030 3042 meditativa]
1057 2974 1101 3026 Gi.
1124 2976 1159 3027 de
1178 2978 1256 3030 verb.

85 3050 132 3095 tur
150 3057 199 3107 per
215 3056 357 3108 personae.
392 3041 480 3092 lmmo
500 3049 648 3109 excerptor
698 3058 721 3093 c.
746 3045 778 3103 8,
799 3040 828 3107 βξ
852 3046 864 3092 l
884 3049 912 3093 at
931 3046 956 3093 θ.
991 3042 1129 3094 Priscian.
1148 3045 1167 3095 l.
1184 3062 1210 3093 c.
1228 3060 1256 3110 p.

84 3110 197 3161 videtur
212 3110 304 3160 minus
319 3108 495 3161 intellexisse
509 3108 647 3163 Macrobii
696 3113 749 3159 825
764 3109 800 3160 Ρι
820 3110 1021 3162 Meditationeni
1038 3112 1175 3179 significa
1191 3113 1257 3165 anea

85 3178 185 3239 verba,
221 3194 291 3243 quaa
320 3176 421 3229 rneliua
446 3186 557 3229 servata
584 3196 647 3231 ease
694 3181 796 3242 forma,
826 3179 937 3230 undeet
956 3180 1155 3231 meditativa
1170 3182 1257 3232 nonii·

86 3246 217 3297 videntur
239 3247 272 3297 de
297 3247 373 3298 verb.
395 3263 419 3295 c.
441 3251 471 3309 7,
496 3246 509 3313 β
536 3248 568 3297 14
586 3264 646 3315 sqq.
696 3253 787 3310 natur,
803 3253 828 3297 et
846 3254 884 3297 eet
901 3254 1013 3312 quartae
1033 3248 1240 3315 coniugatianie.

85 3314 129 3367 lui
144 3321 261 3381 apparet
277 3331 433 3365 aerrrronem
453 3330 515 3365 esea
531 3316 564 3365 de
576 3322 647 3367 tem·
730 3317 758 3363 3.
792 3313 929 3381 θανατιῶ]
946 3313 1050 3365 Forma
1068 3316 1197 3381 vulgaris
1213 3321 1257 3368 est

84 3382 200 3451 poribus
226 3382 331 3451 passivi
351 3379 452 3446 quilius
472 3399 521 3447 pro
543 3381 647 3449 imper·-
696 3380 820 3433 θανατῶ.
858 3380 912 3431 Sed
937 3382 993 3433 dici
1019 3382 1104 3433 etiam
1127 3382 1260 3435 θανατιιῖ

86 3451 231 3503 conalibus
249 3456 363 3501 utantur
381 3448 491 3512 Latini3
512 3452 646 3516 quamob—
697 3448 842 3500 adnotavit
859 3448 976 3508 Suidaa,
1011 3454 1040 3501 et
1058 3451 1165 3517 legitur
1186 3452 1258 3501 lanea

86 3536 144 3569 rem
180 3518 208 3569 in
246 3517 427 3582 sequentibus
464 3518 642 3579 scribendum
696 3516 787 3567 lorum
810 3518 884 3582 apud
906 3516 1020 3569 [ancien.
1045 3518 1080 3569 de
1101 3526 1260 3585 rnortopa-

87 3602 148 3637 esse
166 3585 237 3637 mihi
256 3586 417 3636 ridebatur:
440 3584 509 3637 Nam
526 3588 643 3654 inperio·
694 3601 770 3651 regr.
791 3584 864 3651 §32
900 3584 940 3635 Da
959 3587 1046 3637 verbo
1068 3587 1129 3638 Lc.
1151 3588 1258 3640 substi-

86 3654 182 3707 naliter
203 3648 343 3720 τρέχιται
367 3656 577 3720 περιπατεῖται
597 3672 644 3706 ne·
694 3651 782 3705 tuitur
794 3649 953 3719 μαθὴτιῶ,

86 3722 221 3784 aedicit,
257 3729 287 3772 ut
303 3723 337 3771 da
355 3722 441 3773 verbo
459 3722 478 3773 Ι.
496 3739 519 3773 e.
539 3722 644 3791 legitur
664 3746 665 3751 ¹
729 3719 873 3787 datnoaaai]
892 3721 966 3772 idem
982 3726 1025 3771 eet
1039 3720 1111 3789 qaod
1124 3720 1257 3788 ὃαιμονῶ.

85 3790 207 3843 curritur
224 3790 297 3841 itur.
358 3798 365 3811 ·
693 3786 846 3856 Significat
871 3806 888 3838 a
907 3790 1032 3841 daemone
1049 3799 1151 3851 tenear,
1181 3792 1256 3841 inau-

118 3858 181 3909 dcne
204 3857 303 3925 legitur
322 3892 346 3908 ..
366 3856 426 3907 libri
442 3864 531 3909 autem
548 3857 644 3925 legun·
693 3857 747 3907 nio·
784 3856 948 3908 Macronis·
969 3857 1170 3925 interpretatas
1192 3874 1256 3923 ease

85 3926 137 3993 tar]
157 3924 253 3977 Facile
269 3930 346 3991 patet
362 3923 389 3974 id
410 3926 481 3989 quod
498 3926 583 3992 vulgo
603 3926 644 3977 le·
694 3923 806 3977 videtur
829 3926 947 3976 insanire
970 3927 1073 3991 capic·‘
1096 3924 1176 3977 Nihil
1201 3924 1257 3980 erit

86 3994 176 4063 gitur,
211 3994 275 4045 bene
298 3993 399 4060 legitur
421 3993 505 4043 liber
533 4002 561 4045 ct
584 3994 646 4045 libri
695 3992 870 4058 mutandum,
888 4010 972 4058 quam
990 3993 1065 4044 idern
1085 3993 1257 4043 verbumle-

86 4071 171 4120 atatem
191 4062 269 4114 tene
285 4062 428 4129 legantur,
464 4061 529 4111 inde
553 4068 644 4113 ortum
694 4066 780 4129 gatar·
798 4062 833 4111 de
850 4062 937 4111 verbo
955 4062 975 4111 Ι.
993 4078 1017 4111 a.

86 4148 166 4194 essa,
189 4130 263 4197 quod
280 4130 502 4181 additamentum
525 4130 645 4181 alteriue
729 4126 851 4196 βινητιῶ]
881 4128 942 4180 Non
973 4126 1100 4179 dubitavi
1129 4126 1257 4193 recipere

87 4199 204 4265 exempli
223 4200 252 4251 in
270 4199 391 4249 alterum
410 4195 449 4247 eit
469 4199 645 4249 translatum.
694 4196 769 4249 hunc
787 4196 928 4263 Opaopoei
946 4196 1135 4249 coniecturam
1155 4194 1257 4247 coalia·-

87 4266 434 4333 -Deniqnelroceaput
457 4265 644 4331 praecelerie
695 4264 1099 4317 natantianatantia.
1118 4281 1141 4315 c.
1175 4264 1256 4329 Apud

89 4348 147 4385 ease
165 4341 325 4403 corruptum
344 4350 425 4385 nemo
442 4350 494 4385 nou
510 4334 596 4397 videt,
614 4334 643 4385 id
694 4332 870 4385 Athenaeum
896 4332 934 4395 X,
960 4334 1053 4398 {am
1067 4333 1098 4384 Α.
1121 4330 1257 4399 βινητιᾶν

88 4400 367 4465 quodmaadduait,
402 4408 432 4453 ut
456 4403 642 4467 pluraquam
695 4406 858 4466 corruptum
893 4416 956 4451 esse
989 4399 1018 4450 in
1049 4399 1194 4465 ιιινητιᾶν,
1228 4406 1257 4453 et

6 4462 8 4531 l
87 4466 197 4521 inaliie
217 4467 244 4519 in
267 4470 322 4521 lroc
345 4475 481 4523 mutarem
501 4487 515 4521 a
532 4470 644 4527 coniec-
694 4470 768 4535 apud
786 4468 1004 4535 Aristophanem
1025 4468 1138 4534 saepiae
1156 4466 1257 4537 βινεῖν

88 4542 156 4591 tura.
693 4532 722 4587 in
739 4538 842 4602 ιιινεῖν,
861 4536 968 4595 monuit
989 4536 1024 4587 G.
1042 4536 1203 4589 ltindorliaa
1220 4535 1256 4588 ad

119 4600 193 4655 lllll.
230 4602 270 4653 De
279 4603 374 4667 formis
385 4604 427 4655 ael
439 4604 573 4683 specialius
584 4621 643 4658 aer·
693 4603 793 4672 saaph.
811 4604 900 4658 Thea.
918 4605 970 4657 Gr.
987 4604 1018 4658 la.
1038 4623 1062 4659 ι.
1080 4605 1132 4658 hh.
1149 4622 1195 4659 rr.
